%% This BibTeX bibliography file was created using BibDesk.
%% http://bibdesk.sourceforge.net/


%% Created for Rodrigo at 2014-02-04 14:44:48 -0200 


%% Saved with string encoding Western (ASCII) 



@ARTICLE{Yang2005,
	author={Yang, Z.R. and Thomson, R.},
	title={Bio-basis function neural network for prediction of protease cleavage sites in proteins},
	journal={IEEE Transactions on Neural Networks},
	year={2005},
	volume={16},
	number={1},
	pages={263-274}}

@ARTICLE{Kato2009,
	author={Kato, T. and Kashima, H. and Sugiyama, M.},
	title={Robust label propagation on multiple networks},
	journal={IEEE Transactions on Neural Networks},
	year={2009},
	volume={20},	
	number={1},
	pages={35-44}}

@incollection{Beygelzimer2008,
	Author = {Beygelzimer, Alina and Langford, John and Zadrozny, Bianca},
	Booktitle = {Performance Modeling and Engineering},
	Date-Added = {2014-02-04 16:44:46 +0000},
	Date-Modified = {2014-02-04 16:44:46 +0000},
	Doi = {10.1007/978-0-387-79361-0_1},
	Editor = {Liu, Zhen and Xia, CathyH.},
	Isbn = {978-0-387-79360-3},
	Pages = {3-28},
	Publisher = {Springer US},
	Title = {Machine Learning Techniques - Reductions Between Prediction Quality Metrics},
	Year = {2008},
	Bdsk-Url-1 = {http://dx.doi.org/10.1007/978-0-387-79361-0_1}}

@inproceedings{Borges2012,
	Author = {Borges, H.B. and Nievola, J.C.},
	Booktitle = {International Joint Conference on Neural Networks},
	Pages = {1-8},
	Title = {Multi-Label Hierarchical Classification using a Competitive Neural Network for protein function prediction},
	Year = {2012}}

@article{Castro2013,
	Author = {Castro, C.L. and Braga, A.P.},
	Journal = {IEEE Transactions on Neural Networks and Learning Systems},
	Number = {6},
	Pages = {888-899},
	Title = {Novel cost-sensitive approach to improve the multilayer perceptron performance on imbalanced data},
	Volume = {24},
	Year = {2013}}

@inproceedings{Huang2004,
	Author = {Guang-Bin Huang and Qin-Yu Zhu and Chee-Kheong Siew},
	Booktitle = {IEEE International Joint Conference on Neural Networks},
	Issn = {1098-7576},
	Month = {July},
	Pages = {985-990 vol.2},
	Title = {Extreme learning machine: a new learning scheme of feedforward neural networks},
	Volume = {2},
	Year = {2004}}

@article{Garcia2010,
	Acmid = {1750831},
	Address = {New York, NY, USA},
	Author = {Garc\'{\i}a, Salvador and Fern\'{a}ndez, Alberto and Luengo, Juli\'{a}n and Herrera, Francisco},
	Issn = {0020-0255},
	Issue_Date = {May, 2010},
	Journal = {Information Sciences},
	Month = may,
	Number = {10},
	Numpages = {21},
	Pages = {2044--2064},
	Publisher = {Elsevier Science Inc.},
	Title = {Advanced nonparametric tests for multiple comparisons in the design of experiments in computational intelligence and data mining: Experimental analysis of power},
	Volume = {180},
	Year = {2010}}

@article{Cerri2013,
    Author = {Cerri, R. and Barros, R.C. and Carvalho, A. C. P. L. F.},
	Doi = {http://dx.doi.org/10.1016/j.jcss.2013.03.007},
	Issn = {0022-0000},
	volume = {80},
    number = {1},
    pages = {39--56},
	Journal = {Journal of Computer and System Sciences},
	Title = {Hierarchical multi-label classification using local neural networks},
	Year = {2013}}

@article{Cherman2012,
	Address = {Tarrytown, NY, USA},
	Author = {Cherman, Everton Alvares and Metz, Jean and Monard, Maria Carolina},
	Issn = {0957-4174},
	Issue_Date = {February, 2012},
	Journal = {Expert Systems with Applications},
	Number = {2},
	Numpages = {9},
	Pages = {1647--1655},
	Publisher = {Pergamon Press, Inc.},
	Title = {Incorporating label dependency into the binary relevance framework for multi-label classification},
	Volume = {39},
	Year = {2012}}

@article{Baraniuk1994,
	Author = {Richard G. Baraniuk and Douglas L. Jones},
	Journal = {IEEE Transactions on Signal Processing},
	Month = {Jan.},
	Number = {1},
	Pages = {134-146},
	Title = {{A Signal-Dependent Time-Frequency Representation: Fast Algorithm for Optimal Kernel Design}},
	Volume = {42},
	Year = {1994}}

@article{Hoerl1970,
	Author = {Hoerl, Arthur E. and Kennard, Robert W.},
	Journal = {Technometrics},
	Number = {1},
	Pages = {55--67},
	Title = {{Ridge Regression: Biased Estimation for Nonorthogonal Problems}},
	Volume = {12},
	Year = {1970}}

@article{Saund1989,
	Acmid = {66329},
	Address = {Washington, DC, USA},
	Author = {Saund, E.},
	Issn = {0162-8828},
	Issue_Date = {March 1989},
	Journal = {IEEE Transactions on Pattern Analysis and Machine Intelligence},
	Month = mar,
	Number = {3},
	Numpages = {11},
	Pages = {304--314},
	Publisher = {IEEE Computer Society},
	Title = {Dimensionality-Reduction Using Connectionist Networks},
	Volume = {11},
	Year = {1989}}

@incollection{Smolensky1986,
	Acmid = {104290},
	Address = {Cambridge, MA, USA},
	Author = {Smolensky, P.},
	Chapter = {Information processing in dynamical systems: foundations of harmony theory},
	Editor = {Rumelhart, David E. and McClelland, James L.},
	Isbn = {0-262-68053-X},
	Numpages = {88},
	Pages = {194--281},
	Publisher = {MIT Press},
	Title = {Parallel distributed processing: explorations in the microstructure of cognition, vol. 1},
	Year = {1986}}

@techreport{Freund1994,
	Address = {Santa Cruz, CA, USA},
	Author = {Freund, Yoav and Haussler, David},
	Publisher = {University of California at Santa Cruz},
	Title = {Unsupervised Learning of Distributions on Binary Vectors Using two Layer Networks},
	Year = {1994}}

@article{Serre2007,
	Author = {Serre, T. and Kreiman, G. and Kouh, M. and Cadieu, C. and Knoblich, U. and Poggio, T.},
	Journal = {Progress in Brain Research},
	Pages = {33-56},
	Title = {A quantitative theory of immediate visual recognition},
	Volume = {165},
	Year = {2007}}

@inproceedings{Cottrell1987,
	Author = {Cottrell, G. W. and Munro, P. and Zipser, D.},
	Booktitle = {Ninth Annual Conference of the Cognitive Science Society},
	Pages = {462-473},
	Title = {Learning internal representation from gray-scale images: An example of extensional programming},
	Year = {1987}}

@inproceedings{Ranzato2006,
	Author = {Ranzato, Marc'Aurelio and Poultney, Christopher and Chopra, Sumit and Lecun, Yann},
	Booktitle = {Neural Information Processing Systems},
	Pages = {1137-1144},
	Title = {Efficient Learning of Sparse Representations with an {Energy-Based} Model},
	Year = {2006}}

@inproceedings{Bengio2006,
	Author = {Yoshua Bengio and Pascal Lamblin and Dan Popovici and Hugo Larochelle},
	Booktitle = {Neural Information Processing Systems},
	Pages = {153-160},
	Title = {Greedy Layer-Wise Training of Deep Networks},
	Year = {2006}}

@article{Hinton2006,
	Acmid = {1161605},
	Address = {Cambridge, MA, USA},
	Author = {Hinton, Geoffrey E. and Osindero, Simon and Teh, Yee-Whye},
	Issn = {0899-7667},
	Issue_Date = {July 2006},
	Journal = {Neural Comput.},
	Month = jul,
	Number = {7},
	Numpages = {28},
	Pages = {1527--1554},
	Publisher = {MIT Press},
	Title = {A fast learning algorithm for deep belief nets},
	Volume = {18},
	Year = {2006}}

@article{Larochelle2009,
	Author = {Larochelle, H. and Bengio, Y. and Louradour, J. and Lamblin, P.},
	Journal = {Journal of Machine Learning Research},
	Pages = {1-40},
	Title = {Exploring strategies for training deep neural networks},
	Volume = {10},
	Year = {2009}}

@inproceedings{Igel2000,
	Author = {Christian Igel and Michael Husken},
	Booktitle = {International Symposium on Neural Computation},
	Title = {Improving the Rprop Learning Algorithm},
	Year = {2000}}

@inproceedings{Trohidis2008,
	Author = {Trohidis, K. and Tsoumakas, G. and Kalliris, G. and Vlahavas, I.},
	Booktitle = {International Conference on Music Information Retrieval},
	Keywords = {2008, ismir, multilabel, multilable, music},
	Location = {Philadephia, PA, USA},
	Title = {Multilabel Classification of Music into Emotions},
	Year = {2008}}

@inproceedings{Doquire2011,
	Address = {Berlin, Heidelberg},
	Author = {Doquire, Gauthier and Verleysen, Michel},
	Booktitle = {Proceedings of the 11th international conference on Artificial neural networks conference on Advances in computational intelligence},
	Isbn = {978-3-642-21500-1},
	Location = {Torremolinos-M\&\#255;laga, Spain},
	Numpages = {8},
	Pages = {9--16},
	Publisher = {Springer-Verlag},
	Title = {Feature selection for multi-label classification problems},
	Year = {2011}}

@article{Sun2004,
	Author = {Aixin Sun and Ee-Peng Lim and Wee-Keong Ng and Jaideep Srivastava},
	Journal = {IEEE Transactions on Knowledge and Data Engineering},
	Pages = {1305--1308},
	Title = {{Blocking Reduction Strategies in Hierarchical Text Classification}},
	Volume = {16},
	Year = {2004}}

@book{Abbas2000,
	Address = {New York},
	Author = {Abbas, A. and Lichtman, A. and Pober, J},
	Date-Added = {2012-07-04 22:21:51 +0000},
	Date-Modified = {2012-07-04 22:21:51 +0000},
	Edition = {4},
	Owner = {cerri},
	Publisher = {Saunders/Elsevier, Philadelphia},
	Timestamp = {2011.02.23},
	Title = {{Cellular and Molecular Immunology}},
	Year = {2000}}

@article{Ada1987,
	Author = {Ada, G. and Nossal, G.},
	Date-Added = {2012-07-04 22:21:51 +0000},
	Date-Modified = {2012-07-04 22:21:51 +0000},
	Journal = {Scientific American},
	Number = {2},
	Owner = {cerri},
	Pages = {50-57},
	Timestamp = {2011.02.28},
	Title = {The clonal-selection theory},
	Volume = {257},
	Year = {1987}}

@inproceedings{Agrawal93,
	Address = {New York, NY, USA},
	Author = {Agrawal, Rakesh and Imieli\'{n}ski, Tomasz and Swami, Arun},
	Booktitle = {SIGMOD '93: Proceedings of the 1993 ACM SIGMOD International Conference on Management of data},
	Date-Added = {2012-07-04 22:21:51 +0000},
	Date-Modified = {2012-07-04 22:21:51 +0000},
	Doi = {http://doi.acm.org/10.1145/170035.170072},
	Isbn = {0-89791-592-5},
	Location = {Washington, D.C., United States},
	Pages = {207--216},
	Publisher = {ACM},
	Title = {Mining association rules between sets of items in large databases},
	Year = {1993},
	Bdsk-Url-1 = {http://doi.acm.org/10.1145/170035.170072}}

@inproceedings{Agrawal94,
	Address = {San Francisco, CA, USA},
	Author = {Agrawal, Rakesh and Srikant, Ramakrishnan},
	Booktitle = {VLDB '94: Proceedings of the 20th International Conference on Very Large Data Bases},
	Date-Added = {2012-07-04 22:21:51 +0000},
	Date-Modified = {2012-07-04 22:21:51 +0000},
	Isbn = {1-55860-153-8},
	Pages = {487--499},
	Publisher = {Morgan Kaufmann Publishers Inc.},
	Title = {Fast Algorithms for Mining Association Rules in Large Databases},
	Year = {1994}}

@inproceedings{Aleksovski09,
	Author = {Aleksovski, D and Kocev, D and Dzeroski, S},
	Booktitle = {Workshop on Learning from Multi-Label Data of ECML/PKDD},
	Owner = {cerri},
	Pages = {5-16},
	Title = {Evaluation of distance measures for hierarchical multilabel classification in functional genomics},
	Year = {2009}}

@inproceedings{Allen2006,
	Acmid = {1144002},
	Address = {New York, NY, USA},
	Author = {Chan, Allen and Freitas, Alex A.},
	Booktitle = {Proceedings of the 8th annual conference on Genetic and evolutionary computation},
	Date-Added = {2012-07-04 22:21:51 +0000},
	Date-Modified = {2012-07-04 22:21:51 +0000},
	Isbn = {1-59593-186-4},
	Location = {Seattle, Washington, USA},
	Numpages = {8},
	Pages = {27--34},
	Publisher = {ACM},
	Series = {GECCO '06},
	Title = {A new ant colony algorithm for multi-label classification with applications in bioinfomatics},
	Year = {2006}}

@inproceedings{Alves2008,
	Address = {Berlin, Heidelberg},
	Author = {Alves, Roberto and Delgado, Myriam and Freitas, Alex},
	Booktitle = {III Brazilian Symposium on Bioinformatics},
	Citeulike-Article-Id = {3844391},
	Date-Added = {2012-07-04 22:21:51 +0000},
	Date-Modified = {2012-07-04 22:21:51 +0000},
	Pages = {1-12},
	Posted-At = {2009-01-03 10:49:40},
	Priority = {2},
	Publisher = {Springer-Verlag},
	Series = {LNBI},
	Title = {Multi-label Hierarchical Classification of Protein Functions with Artificial Immune Systems},
	Volume = {5167},
	Year = {2008}}

@inproceedings{Alves2010,
	Author = {Alves, R.T. and Delgado, M.R. and Freitas, A.A.;},
	Booktitle = {International Conference on Fuzzy Systems},
	Date-Added = {2012-07-04 22:21:51 +0000},
	Date-Modified = {2012-07-04 22:21:51 +0000},
	Pages = {2097-2104},
	Title = {Knowledge discovery with Artificial Immune Systems for hierarchical multi-label classification of protein functions},
	Year = {2010}}

@article{AnujKumar01012000,
	Author = {Kumar, Anuj and Cheung, Kei-Hoi and Ross-Macdonald, Petra and Coelho, Paulo S. R. and Miller, Perry and Snyder, Michael},
	Date-Added = {2012-07-04 22:21:51 +0000},
	Date-Modified = {2012-07-04 22:21:51 +0000},
	Doi = {10.1093/nar/28.1.81},
	Eprint = {http://nar.oxfordjournals.org/cgi/reprint/28/1/81.pdf},
	Journal = {Nucl. Acids Res.},
	Number = {1},
	Pages = {81-84},
	Title = {{TRIPLES: a database of gene function in Saccharomyces cerevisiae}},
	Url = {http://nar.oxfordjournals.org/cgi/content/abstract/28/1/81},
	Volume = {28},
	Year = {2000},
	Bdsk-Url-1 = {http://nar.oxfordjournals.org/cgi/content/abstract/28/1/81},
	Bdsk-Url-2 = {http://dx.doi.org/10.1093/nar/28.1.81}}

@book{Back2000a,
	Author = {B{\"a}ck, T. and Fogel, D.B. and Michalewicz, Z.},
	Booktitle = {Evolutionary Computation 1: Basic Algorithms and Operators},
	Date-Added = {2012-07-04 22:21:51 +0000},
	Date-Modified = {2012-07-04 22:21:51 +0000},
	Editor = {B{\"a}ck, T. and Fogel, D.B. and Michalewicz, Z.},
	Publisher = {Institute of Physics Publishing, Bristol},
	Title = {Evolutionary Computation 1: Basic Algorithms and Operators},
	Year = {2000}}

@book{Back2000b,
	Author = {B{\"a}ck, T. and Fogel, D.B. and Michalewicz, Z.},
	Booktitle = {Evolutionary Computation 2: Advanced Algorithms and Operators},
	Date-Added = {2012-07-04 22:21:51 +0000},
	Date-Modified = {2012-07-04 22:21:51 +0000},
	Editor = {B{\"a}ck, T. and Fogel, D.B. and Michalewicz, Z.},
	Publisher = {Institute of Physics Publishing, Bristol},
	Title = {Evolutionary Computation 2: Advanced Algorithms and Operators},
	Year = {2000}}

@article{Bagging96,
	Address = {Hingham, MA, USA},
	Author = {Breiman, Leo},
	Issn = {0885-6125},
	Journal = {Machine Learning},
	Number = {2},
	Pages = {123--140},
	Publisher = {Kluwer Academic Publishers},
	Title = {Bagging predictors},
	Volume = {24},
	Year = {1996}}

@article{Bairoch2000,
	Author = {Bairoch, A., Apweiler, R.},
	Date-Added = {2012-07-04 22:21:51 +0000},
	Date-Modified = {2012-07-04 22:21:51 +0000},
	Journal = {Nucleic Acids Research},
	Number = {1},
	Pages = {45-48},
	Title = {{The SWISS-PROT protein sequence database and its supplement TrEMBL in 2000}},
	Volume = {28},
	Year = {2000}}

@article{Barutcuoglu2006,
	Address = {Oxford, UK},
	Author = {Zafer Barutcuoglu and Robert E. Schapire and Olga G. Troyanskaya},
	Date-Added = {2012-07-04 22:21:51 +0000},
	Date-Modified = {2012-07-04 22:21:51 +0000},
	Issn = {1367-4803},
	Journal = {Bioinformatics},
	Pages = {830-836},
	Publisher = {Oxford University Press},
	Title = {Hierarchical multi-label prediction of gene function},
	Volume = {22},
	Year = {2006}}

@article{BarutcuogluCoro2006,
	Address = {Los Alamitos, CA, USA},
	Author = {Zafer Barutcuoglu and Christopher DeCoro},
	Date-Added = {2012-07-04 22:21:51 +0000},
	Date-Modified = {2012-07-04 22:21:51 +0000},
	Doi = {http://doi.ieeecomputersociety.org/10.1109/SMI.2006.15},
	Isbn = {0-7695-2591-1},
	Journal = {Shape Modeling and Applications, International Conference on},
	Pages = {44},
	Publisher = {IEEE Computer Society},
	Title = {Hierarchical Shape Classification Using Bayesian Aggregation},
	Volume = {0},
	Year = {2006},
	Bdsk-Url-1 = {http://doi.ieeecomputersociety.org/10.1109/SMI.2006.15}}

@article{bayes1763,
	Author = {Bayes, T.},
	Date-Added = {2012-07-04 22:21:51 +0000},
	Date-Modified = {2012-07-04 22:21:51 +0000},
	Format = {print},
	Journal = {Philos. Trans. R. Soc. London},
	Keywords = {Bayes theorem},
	Pages = {293--315},
	Title = {An essay towards solving a problem in doctrine of chances},
	Volume = {53},
	Year = {1763}}

@article{BayesNet,
	Address = {Hingham, MA, USA},
	Author = {Friedman, Nir and Geiger, Dan and Goldszmidt, Moises},
	Citeulike-Article-Id = {3988375},
	Date-Added = {2012-07-04 22:21:51 +0000},
	Date-Modified = {2012-07-04 22:21:51 +0000},
	Issn = {0885-6125},
	Journal = {Machine Learning},
	Keywords = {bayesian\_networks, classifiers, naive\_bayes, seminal},
	Number = {2-3},
	Pages = {131--163},
	Posted-At = {2009-01-31 19:26:22},
	Priority = {4},
	Publisher = {Kluwer Academic Publishers},
	Title = {Bayesian Network Classifiers},
	Volume = {29},
	Year = {1997}}

@inproceedings{Bennett2009,
	Address = {New York, NY, USA},
	Author = {Bennett, Paul N. and Nguyen, Nam},
	Booktitle = {International ACM SIGIR conference on Research and development in information retrieval},
	Isbn = {978-1-60558-483-6},
	Location = {Boston, MA, USA},
	Pages = {11--18},
	Publisher = {ACM},
	Title = {Refined experts: improving classification in large taxonomies},
	Year = {2009}}

@article{Bianchi2006,
	Address = {Cambridge, MA, USA},
	Author = {Nicol\`{o} Cesa-Bianchi and Claudio Gentile and Luca Zaniboni},
	Date-Added = {2012-07-04 22:21:51 +0000},
	Date-Modified = {2012-07-04 22:21:51 +0000},
	Issn = {1533-7928},
	Journal = {Machine Learning},
	Pages = {31--54},
	Publisher = {MIT Press},
	Title = {Incremental Algorithms for Hierarchical Classification},
	Volume = {7},
	Year = {2006}}

@inproceedings{Bilchev1995,
	Acmid = {749861},
	Address = {London, UK},
	Author = {George Bilchev and Ian C. Parmee},
	Booktitle = {Selected Papers from AISB Workshop on Evolutionary Computing},
	Date-Added = {2012-07-04 22:21:51 +0000},
	Date-Modified = {2012-07-04 22:21:51 +0000},
	Isbn = {3-540-60469-3},
	Numpages = {15},
	Pages = {25--39},
	Publisher = {Springer-Verlag},
	Title = {The Ant Colony Metaphor for Searching Continuous Design Spaces},
	Year = {1995}}

@inproceedings{Blockeel02,
	Author = {Blockeel, Hendrik and Bruynooghe, Maurice and Dzeroski, Saso and Ramon, Jan and Struyf, Jan},
	Booktitle = {Workshop on Multi-Relational Data Mining},
	Date-Added = {2012-07-04 22:21:51 +0000},
	Date-Modified = {2012-07-04 22:21:51 +0000},
	Editors = {De Raedt, L. and Dzeroski, S. and Wrobel, S.},
	Pages = {21-35},
	Title = {Hierarchical multi-classification},
	Year = {2002}}

@inproceedings{Blockeel98,
	Author = {Blockeel, Hendrik and De Raedt, Luc and Ramon, Jan},
	Booktitle = {International Conference on Machine Learning},
	Date-Added = {2012-07-04 22:21:51 +0000},
	Date-Modified = {2012-07-04 22:21:51 +0000},
	Editors = {Shavlik, J.},
	Pages = {55-63},
	Title = {Top-down induction of clustering trees},
	Year = {1998}}

@incollection{Blockeel1999,
	Affiliation = {Katholieke Universiteit Leuven, Dept. of Computer Science, Celestijnenlaan 200A, B-3001 Heverlee Belgium Belgium},
	Author = {Blockeel, Hendrik and Dzeroski, Saso and Grbovic, Jasna},
	Booktitle = {Principles of Data Mining and Knowledge Discovery},
	Date-Added = {2012-07-04 22:21:51 +0000},
	Date-Modified = {2012-07-04 22:21:51 +0000},
	Pages = {32-40},
	Publisher = {Springer Berlin},
	Title = {Simultaneous Prediction of Multiple Chemical Parameters of River Water Quality with TILDE},
	Year = {1999}}

@inproceedings{Blockeel2006,
	Author = {Hendrik Blockeel and Leander Schietgat and Jan Struyf and Saso Dzeroski and Amanda Clare},
	Booktitle = {Knowledge Discovery in Databases},
	Date = {2006-10-23},
	Date-Added = {2012-07-04 22:21:51 +0000},
	Date-Modified = {2012-07-04 22:21:51 +0000},
	Description = {dblp},
	Isbn = {3-540-45374-1},
	Pages = {18-29},
	Title = {Decision Trees for Hierarchical Multilabel Classification: A Case Study in Functional Genomics.},
	Year = {2006}}

@article{Blum2005,
	Author = {Christian Blum},
	Date-Added = {2012-07-04 22:21:51 +0000},
	Date-Modified = {2012-07-04 22:21:51 +0000},
	Doi = {DOI: 10.1016/j.plrev.2005.10.001},
	Issn = {1571-0645},
	Journal = {Physics of Life Reviews},
	Number = {4},
	Pages = {353 - 373},
	Title = {Ant colony optimization: Introduction and recent trends},
	Volume = {2},
	Year = {2005},
	Bdsk-Url-1 = {http://dx.doi.org/10.1016/j.plrev.2005.10.001}}

@book{Bonabeau1999,
	Address = {New York, NY, USA},
	Author = {Eric Bonabeau and Marco Dorigo and Guy Theraulaz},
	Date-Added = {2012-07-04 22:21:51 +0000},
	Date-Modified = {2012-07-04 22:21:51 +0000},
	Isbn = {0-19-513159-2},
	Publisher = {Oxford University Press, Inc.},
	Title = {Swarm intelligence: from natural to artificial systems},
	Year = {1999}}

@inbook{Bonferroni,
	Author = {Abdi, H.},
	Citeulike-Article-Id = {3931153},
	Date-Added = {2012-07-04 22:21:51 +0000},
	Date-Modified = {2012-07-04 22:21:51 +0000},
	Editor = {Salkind, N. J.},
	Keywords = {bonferroni, statistics},
	Location = {Thousand Oaks, CA},
	Note = {Encyclopedia of Measurement and Statistics},
	Pages = {175-208},
	Posted-At = {2009-01-23 17:37:26},
	Priority = {2},
	Publisher = {Sage},
	Title = {Bonferroni and Sidak corrections for multiple comparisons},
	Year = {2007}}

@incollection{Booker1997,
	Address = {Philadelphia, PA},
	Author = {Booker, L. B. and Fogel, D. B. and Whitley, D and and Angeline, P.J.},
	Booktitle = {The Handbook of Evolutionary Computation},
	Chapter = {E3.3},
	Date-Added = {2012-07-04 22:21:51 +0000},
	Date-Modified = {2012-07-04 22:21:51 +0000},
	Editor = {B{\"a}ck, T. and Fogel, D. B. and Michalewicz, Z.},
	Owner = {cerri},
	Pages = {C3.3:1-C3.3:27},
	Publisher = {IOP Publishing and Oxford University Press},
	Timestamp = {2011.02.01},
	Title = {Recombination},
	Year = {1997}}

@article{bootstrapEfron,
	Author = {Efron, B.},
	Citeulike-Article-Id = {2825416},
	Date-Added = {2012-07-04 22:21:51 +0000},
	Date-Modified = {2012-07-04 22:21:51 +0000},
	Doi = {http://dx.doi.org/10.2307/2958830},
	Journal = {The Annals of Statistics},
	Keywords = {bootstrap, delta-method, statistics},
	Number = {1},
	Pages = {1--26},
	Posted-At = {2008-06-17 19:02:16},
	Priority = {3},
	Publisher = {Institute of Mathematical Statistics},
	Title = {Bootstrap Methods: Another Look at the Jackknife},
	Volume = {7},
	Year = {1979},
	Bdsk-Url-1 = {http://dx.doi.org/10.2307/2958830}}

@article{Boutell2004,
	Author = {Boutell, Matthew R. and Luo, Jiebo and Shen, Xipeng and Brown, Christopher M.},
	Citeulike-Article-Id = {2343054},
	Date-Added = {2012-07-04 22:21:51 +0000},
	Date-Modified = {2012-07-04 22:21:51 +0000},
	Journal = {Pattern Recognition},
	Keywords = {multi-label},
	Number = {9},
	Pages = {1757-1771},
	Posted-At = {2008-02-06 18:54:35},
	Priority = {2},
	Title = {Learning multi-label scene classification},
	Volume = {37},
	Year = {2004}}

@article{Brucker2010,
	Acmid = {1890197},
	Address = {New York, NY, USA},
	Author = {Brucker, Florian and Benites, Fernando and Sapozhnikova, Elena},
	Date-Added = {2012-07-04 22:21:51 +0000},
	Date-Modified = {2012-07-04 22:21:51 +0000},
	Doi = {http://dx.doi.org/10.1016/j.patcog.2010.09.010},
	Issn = {0031-3203},
	Issue = {3},
	Journal = {Pattern Recognition},
	Keywords = {Adaptive resonance theory (ART), Hierarchy extraction, Multi-label classification, Text mining},
	Month = {March},
	Numpages = {15},
	Pages = {724--738},
	Publisher = {Elsevier Science Inc.},
	Title = {Multi-label classification and extracting predicted class hierarchies},
	Url = {http://dx.doi.org/10.1016/j.patcog.2010.09.010},
	Volume = {44},
	Year = {2010},
	Bdsk-Url-1 = {http://dx.doi.org/10.1016/j.patcog.2010.09.010}}

@inproceedings{Cai07,
	Author = {Cai, Lijuan and Hofmann, Thomas},
	Booktitle = {international joint conference on Artifical Intelligence},
	Date-Added = {2012-07-04 22:21:51 +0000},
	Date-Modified = {2012-07-04 22:21:51 +0000},
	Location = {Hyderabad, India},
	Pages = {714-719},
	Title = {Exploiting known taxonomies in learning overlapping concepts},
	Year = {2007}}

@inproceedings{Cai2004,
	Address = {New York, NY, USA},
	Author = {Cai, Lijuan and Hofmann, Thomas},
	Booktitle = {Proceedings of the thirteenth ACM international conference on Information and knowledge management},
	Date-Added = {2012-07-04 22:21:51 +0000},
	Date-Modified = {2012-07-04 22:21:51 +0000},
	Isbn = {1-58113-874-1},
	Location = {Washington, D.C., USA},
	Numpages = {10},
	Pages = {78--87},
	Publisher = {ACM},
	Series = {CIKM '04},
	Title = {Hierarchical document categorization with support vector machines},
	Year = {2004}}

@article{Carpenter1987,
	Acmid = {28157},
	Address = {San Diego, CA, USA},
	Author = {Carpenter, Gail A and Grossberg, Stephen},
	Date-Added = {2012-07-04 22:21:51 +0000},
	Date-Modified = {2012-07-04 22:21:51 +0000},
	Doi = {10.1016/S0734-189X(87)80014-2},
	Issn = {0734-189X},
	Issue = {1},
	Journal = {Comput. Vision Graph. Image Process.},
	Month = {January},
	Numpages = {62},
	Pages = {54--115},
	Publisher = {Academic Press Professional, Inc.},
	Title = {A massively parallel architecture for a self-organizing neural pattern recognition machine},
	Url = {http://portal.acm.org/citation.cfm?id=28154.28157},
	Volume = {37},
	Year = {1987},
	Bdsk-Url-1 = {http://portal.acm.org/citation.cfm?id=28154.28157},
	Bdsk-Url-2 = {http://dx.doi.org/10.1016/S0734-189X(87)80014-2}}

@book{cart84,
	Address = {Monterey, CA},
	Author = {L. Breiman and J. Friedman and R. Olshen and C. Stone},
	Date-Added = {2012-07-04 22:21:51 +0000},
	Date-Modified = {2012-07-04 22:21:51 +0000},
	Publisher = {Wadsworth and Brooks},
	Title = {{Classification and Regression Trees}},
	Year = {1984}}

@incollection{Carvalho2009,
	Booktitle = {Foundations of Computational Intelligence},
	Date-Added = {2012-07-04 22:21:51 +0000},
	Date-Modified = {2012-07-04 22:21:51 +0000},
	Pages = {177-195},
	Publisher = {Springer},
	Title = {A Tutorial on Multi-label Classification Techniques},
	Volume = {205},
	Year = {2009}}

@incollection{Castro2001,
	Author = {de Castro, Leandro N. and Von Zuben, Fernando J.},
	Booktitle = {Data Mining: A Heuristic Approach},
	Chapter = {12},
	Date-Added = {2012-07-04 22:21:51 +0000},
	Date-Modified = {2012-07-04 22:21:51 +0000},
	Editor = {Abbass, Hussein A. and Sarker, Ruhul A. and Newton, Charles S.},
	Pages = {231--259},
	Publisher = {Idea Group Publishing},
	Title = {ai{N}et: An Artificial Immune Network for Data Analysis},
	Year = {2001}}

@book{Castro2002,
	Address = {London},
	Author = {de Castro, Leandro N. and Timmis, J. I.},
	Date-Added = {2012-07-04 22:21:51 +0000},
	Date-Modified = {2012-07-04 22:21:51 +0000},
	Publisher = {Springer-Verlag},
	Title = {{Artificial Immune Systems: A New Computational Intelligence Approach}},
	Year = {2002}}

@inproceedings{Castro2002b,
	Author = {L. N. de Castro and J. Timmis},
	Booktitle = {Artificial Neural Networks in Pattern Recognition},
	Date-Added = {2012-07-04 22:21:51 +0000},
	Date-Modified = {2012-07-04 22:21:51 +0000},
	Pages = {67--84},
	Publisher = {Springer Verlag, University of Paisley, UK},
	Title = {{Artificial Immune Systems: A Novel Paradigm to Pattern Recognition}},
	Year = {2002}}

@article{Castro2002c,
	Author = {Leandro Nunes de Castro and Fernando J. Von Zuben},
	Date-Added = {2012-07-04 22:21:51 +0000},
	Date-Modified = {2012-07-04 22:21:51 +0000},
	Journal = {IEEE Transactions on Evolutionary Computation},
	Number = {3},
	Pages = {239-251},
	Title = {Learning and optimization using the clonal selection principle.},
	Volume = {6},
	Year = {2002}}

@book{Castro2004,
	Address = {Hershey, PA, USA},
	Author = {de Castro, Leandro N. and Von Zuben, Fernando J.},
	Date-Added = {2012-07-04 22:21:51 +0000},
	Date-Modified = {2012-07-04 22:21:51 +0000},
	Isbn = {1591403138},
	Publisher = {IGI Publishing},
	Title = {Recent Developments In Biologically Inspired Computing},
	Year = {2004}}

@incollection{Castro2005,
	Author = {de Castro, L. N.},
	Booktitle = {Encyclopedia of Information Sciences and Technology},
	Date-Added = {2012-07-04 22:21:51 +0000},
	Date-Modified = {2012-07-04 22:21:51 +0000},
	Editor = {Mehdi Khosrow-Pour. (Org.)},
	Owner = {cerri},
	Pages = {2080-2084},
	Publisher = {Hershey: Idea Group Publishing},
	Timestamp = {2011.01.31},
	Title = {Natural Computing},
	Volume = {IV},
	Year = {2005}}

@book{Castro2006,
	Author = {de Castro, Leandro N.},
	Date-Added = {2012-07-04 22:21:51 +0000},
	Date-Modified = {2012-07-04 22:21:51 +0000},
	Howpublished = {Hardcover},
	Isbn = {1584886439},
	Keywords = {book, computing, natural-computing, tkk-sahko-wishlist},
	Month = {June},
	Posted-At = {2007-03-12 09:33:08},
	Priority = {1},
	Publisher = {{Chapman \& Hall/CRC}},
	Title = {Fundamentals of Natural Computing: Basic Concepts, Algorithms, and Applications (Chapman \& Hall/Crc Computer and Information Sciences)}}

@inproceedings{Cerri2010a,
	Address = {Barcelona},
	Author = {Ricardo Cerri and Andr{\'e} C. P. L. F. Carvalho},
	Booktitle = {Proceedings of the International Joint Conference on Neural Networks (IJCNN)},
	Owner = {cerri},
	Pages = {3064-3071},
	Publisher = {IEEE},
	Timestamp = {2011.01.18},
	Title = {{New top-down methods using SVMs for Hierarchical Multilabel Classification problems}},
	Year = {2010}}

@inproceedings{Cerri2010b,
	Author = {Ricardo Cerri and Andr{\'e} C. P. L. F. Carvalho},
	Booktitle = {Brazilian Symposium on Artificial Neural Networks},
	Date-Added = {2012-07-04 22:21:51 +0000},
	Date-Modified = {2012-07-04 22:21:51 +0000},
	Pages = {253-258},
	Title = {Hierarchical Multilabel Classification Using Top-Down Label Combination and Artificial Neural Networks},
	Year = {2010}}

@article{Cerri2011,
	Author = {R. Cerri and A.C.P.L.F. de Carvalho and A.A. Freitas},
	Journal = {Intelligent Data Analysis},
	Keywords = {data mining, hierarchical multilabel classification},
	Month = {November},
	Number = {6},
	Pages = {861-887},
	Publisher = {IOS Press},
	Title = {Adapting non-hierarchical multilabel classification methods for hierarchical multilabel classification},
	Volume = {15},
	Year = {2011}}

@inproceedings{Cerri2011b,
	Booktitle = {Brazilian Symposium on Bioinformatics},
	Pages = {10-17},
	Title = {Hierarchical Multilabel Protein Function Prediction Using Local Neural Networks},
	Year = {2011}}

@inproceedings{Cerri2009109,
	Address = {Berlin, Heidelberg},
	Author = {Cerri, R., and Silva, R.R.O. and Carvalho, A.C.P.L.F.},
	Booktitle = {IV Brazilian Symposium on Bioinformatics},
	Date-Added = {2012-07-04 22:21:51 +0000},
	Date-Modified = {2012-07-04 22:21:51 +0000},
	Document_Type = {Conference Paper},
	Journal = {Lecture Notes in Computer Science (including subseries Lecture Notes in Artificial Intelligence and Lecture Notes in Bioinformatics)},
	Pages = {109-120},
	Publisher = {Springer-Verlag},
	Series = {Lecture Notes in Bioinformatics},
	Title = {Comparing methods for multilabel classification of proteins using machine learning techniques},
	Volume = {5676},
	Year = {2009}}

@inproceedings{CerriWAAMD08,
	Address = {Campinas},
	Date-Added = {2012-07-04 22:21:51 +0000},
	Date-Modified = {2012-07-04 22:21:51 +0000},
	Pages = {46-54},
	Year = {2008}}

@inproceedings{CerriWAAMD09,
	Address = {Fortaleza},
	Date-Added = {2012-07-04 22:21:51 +0000},
	Date-Modified = {2012-07-04 22:21:51 +0000},
	Pages = {75-82},
	Title = {Comparing Local and Global Hierarchical Multilabel Classification Methods Using Decision Trees},
	Year = {2009}}

@inproceedings{CerriWCI08,
	Address = {Salvador},
	Booktitle = {II Workshop on Computational Intelligence},
	Date-Added = {2012-07-04 22:21:51 +0000},
	Date-Modified = {2012-07-04 22:21:51 +0000},
	Pages = {1-6},
	Year = {2008}}

@inproceedings{Cesa-Bianchi2009,
	Author = {Cesa-Bianchi, N and Valentini, G},
	Booktitle = {3rd International Workshop on Machine Learning in Systems Biology, JMLR Workshop and Conference Proceedings},
	Date-Added = {2012-07-04 22:21:51 +0000},
	Date-Modified = {2012-07-04 22:21:51 +0000},
	Owner = {cerri},
	Timestamp = {2011.01.14},
	Title = {Hierarchical cost-sensitive algorithms for genome-wide gene function prediction},
	Year = {2009}}

@article{Chakrabarti1998,
	Address = {Secaucus, NJ, USA},
	Author = {Chakrabarti, Soumen and Dom, Byron and Agrawal, Rakesh and Raghavan, Prabhakar},
	Date-Added = {2012-07-04 22:21:51 +0000},
	Date-Modified = {2012-07-04 22:21:51 +0000},
	Doi = {http://dx.doi.org/10.1007/s007780050061},
	Issn = {1066-8888},
	Journal = {The VLDB Journal},
	Number = {3},
	Pages = {163--178},
	Publisher = {Springer-Verlag New York, Inc.},
	Title = {Scalable feature selection, classification and signature generation for organizing large text databases into hierarchical topic taxonomies},
	Volume = {7},
	Year = {1998},
	Bdsk-Url-1 = {http://dx.doi.org/10.1007/s007780050061}}

@inproceedings{ChiaYu2005,
	Address = {Washington, DC, USA},
	Author = {Chia-Yu Su and Allan Lo and Chin-Chin Lin and Fu Chang and Wen-Lian Hsu},
	Booktitle = {CSBW '05: Proceedings of the 2005 IEEE Computational Systems Bioinformatics Conference - Workshops},
	Date-Added = {2012-07-04 22:21:51 +0000},
	Date-Modified = {2012-07-04 22:21:51 +0000},
	Doi = {http://dx.doi.org/10.1109/CSBW.2005.11},
	Isbn = {0-7695-2442-7},
	Pages = {79--82},
	Publisher = {IEEE Computer Society},
	Title = {A Novel Approach for Prediction of Multi-Labeled Protein Subcellular Localization for Prokaryotic Bacteria},
	Year = {2005},
	Bdsk-Url-1 = {http://dx.doi.org/10.1109/CSBW.2005.11}}

@article{Chu98,
	Author = {S. Chu and J. Derisi and M. Eisen and J. Mulholl and D. Botstein and P. O. Brown and I. Herskowitz},
	Date-Added = {2012-07-04 22:21:51 +0000},
	Date-Modified = {2012-07-04 22:21:51 +0000},
	Journal = {Science},
	Pages = {699--705},
	Title = {The transcriptional program of sporulation in budding yeast},
	Volume = {282},
	Year = {1998}}

@article{Church98,
	Address = {Harvard University Graduate Biophysics Program and Harvard Medical School Department of Genetics, Boston, MA 02115, USA.},
	Author = {Roth, F. P. and Hughes, J. D. and Estep, P. W. and Church, G. M.},
	Date-Added = {2012-07-04 22:21:51 +0000},
	Date-Modified = {2012-07-04 22:21:51 +0000},
	Doi = {10.1038/nbt1098-939},
	Issn = {1087-0156},
	Journal = {Nature biotechnology},
	Keywords = {bioinformatics, genome-wide, tfs},
	Month = {October},
	Number = {10},
	Pages = {939--945},
	Posted-At = {2007-07-16 02:55:36},
	Priority = {2},
	Title = {Finding DNA regulatory motifs within unaligned noncoding sequences clustered by whole-genome mRNA quantitation.},
	Url = {http://dx.doi.org/10.1038/nbt1098-939},
	Volume = {16},
	Year = {1998},
	Bdsk-Url-1 = {http://dx.doi.org/10.1038/nbt1098-939}}

@inproceedings{Clare01knowledgediscovery,
	Author = {A Clare and Ross D. King},
	Booktitle = {5th European Conference on Principles of Data Mining and Knowledge Discovery (PKDD2001)},
	Date-Added = {2012-07-04 22:21:51 +0000},
	Date-Modified = {2012-07-04 22:21:51 +0000},
	Pages = {42-53},
	Publisher = {Springer},
	Series = {LNAI},
	Title = {Knowledge discovery in multi-label phenotype data},
	Volume = {2168},
	Year = {2001}}

@article{Clare03,
	Author = {A. Clare and R. D. King},
	Date-Added = {2012-07-04 22:21:51 +0000},
	Date-Modified = {2012-07-04 22:21:51 +0000},
	Journal = {Bioinformatics},
	Pages = {42--49},
	Title = {Predicting gene function in Saccharomyces cerevisiae},
	Volume = {19},
	Year = {2003}}

@phdthesis{Clare2003,
	Author = {Amanda Clare},
	Date-Added = {2012-07-04 22:21:51 +0000},
	Date-Modified = {2012-07-04 22:21:51 +0000},
	Owner = {Cerri},
	School = {University of Wales},
	Timestamp = {2008.10.01},
	Title = {Machine Learning and Data Mining for Yeast Functional Genomics},
	Year = {2003}}

@article{Clerc2002,
	Author = {Clerc, M. and Kennedy, J.},
	Date-Added = {2012-07-04 22:21:51 +0000},
	Date-Modified = {2012-07-04 22:21:51 +0000},
	Issn = {1089-778X},
	Journal = {IEEE Transactions on Evolutionary Computation},
	Month = feb,
	Number = {1},
	Pages = {58 -73},
	Title = {The particle swarm - explosion, stability, and convergence in a multidimensional complex space},
	Volume = {6},
	Year = {2002}}

@inproceedings{Costa2007,
	Author = {Eduardo P. Costa and Ana C. Lorena and Andr{\'e} C. P. L. F. Carvalho and Alex A. Freitas},
	Booktitle = {Brazilian Symposium on Bioinformatics},
	Location = {Angra dos Reis, Brasil},
	Pages = {126-137},
	Publisher = {Springer-Verlag},
	Series = {LNBI},
	Title = {Comparing Several Approaches for Hierarchical Classification of Proteins with Decision Trees},
	Volume = {4643},
	Year = {2007}}

@inproceedings{Costa2008,
	Author = {Eduardo P. Costa and Ana C. Lorena and Andr{\'e} C. P. L. F. Carvalho and Alex A. Freitas},
	Booktitle = {Brazilian Symposium on Bioinformatics},
	Date-Added = {2012-07-04 22:21:51 +0000},
	Date-Modified = {2012-07-04 22:21:51 +0000},
	Pages = {35-46},
	Publisher = {Springer-Verlag},
	Series = {LNBI},
	Title = {Top-Down Hierarchical Ensembles of Classifiers for Predicting G-Protein-Coupled-Receptor Functions},
	Volume = {5167},
	Year = {2008}}

@inproceedings{CostaReview,
	Author = {E.P. Costa and A.C. Lorena and A.C.P.L.F. Carvalho and A.A. Freitas},
	Booktitle = {Evaluation Methods for Machine Learning II: papers from the AAAI-2007 Workshop, AAAI Technical Report WS-07-05},
	Editor = {C. Drummond and W. Elazmeh and N. Japkowicz and S.A. Macskassy},
	Isbn = {978-1-57735-332-4},
	Keywords = {data mining, classification},
	Month = {July},
	Pages = {1-6},
	Publication_Type = {inproceedings},
	Publisher = {AAAI Press},
	Refereed = {yes},
	Submission_Id = {20447_1189529621},
	Title = {A review of performance evaluation measures for hierarchical classifiers.},
	Url = {http://www.cs.kent.ac.uk/pubs/2007/2611},
	Year = {2007},
	Bdsk-Url-1 = {http://www.cs.kent.ac.uk/pubs/2007/2611}}

@article{Crammer02,
	Author = {Crammer, Koby and Singer, Yoram},
	Date-Added = {2012-07-04 22:21:51 +0000},
	Date-Modified = {2012-07-04 22:21:51 +0000},
	Issn = {1532-4435},
	Journal = {Machine Learning},
	Pages = {265--292},
	Publisher = {JMLR.org},
	Title = {On the algorithmic implementation of multiclass kernel-based vector machines},
	Volume = {2},
	Year = {2002}}

@book{CristianiniSVM,
	Author = {Cristianini, Nello and Shawe-Taylor, John},
	Date-Added = {2012-07-04 22:21:51 +0000},
	Date-Modified = {2012-07-04 22:21:51 +0000},
	Howpublished = {Hardcover},
	Isbn = {0521780195},
	Keywords = {book, regularization, statistical-learning-theory, svm},
	Posted-At = {2005-03-05 09:49:31},
	Priority = {2},
	Publisher = {Cambridge University Press},
	Title = {An Introduction to Support Vector Machines and Other Kernel-based Learning Methods},
	Year = {2000}}

@inproceedings{Davis2006,
	Author = {Davis, Jesse and Goadrich, Mark},
	Booktitle = {International Conference on Machine Learning},
	Date-Added = {2012-07-04 22:21:51 +0000},
	Date-Modified = {2012-07-04 22:21:51 +0000},
	Isbn = {1-59593-383-2},
	Location = {Pittsburgh, Pennsylvania},
	Pages = {233--240},
	Title = {The relationship between Precision-Recall and ROC curves},
	Year = {2006}}

@inproceedings{DeComiteGilleronTommasi03,
	Audience = {Com1},
	Auteur = {RemiGilleron MarcTommasi MOSTRARE GRAPPA},
	Booktitle = {International Conference on Machine Learning and Data Mining},
	Date-Added = {2012-07-04 22:21:51 +0000},
	Date-Modified = {2012-07-04 22:21:51 +0000},
	Pages = {35-49},
	Publisher = {SV},
	Series = {LNAI},
	Title = {Learning Multi-label Alternating Decision Trees from Texts and Data},
	Url = {http://www.grappa.univ-lille3.fr/ftp/reports/mldm03.ps},
	Volume = {2734},
	Year = {2003},
	Bdsk-Url-1 = {http://www.grappa.univ-lille3.fr/ftp/reports/mldm03.ps}}

@inproceedings{DeCoro2007,
	Author = {Christopher DeCoro and Zafer Barutcuoglu and Rebecca Fiebrink},
	Booktitle = {International Symposium on Music Information Retrieval 2007},
	Date-Added = {2012-07-04 22:21:51 +0000},
	Date-Modified = {2012-07-04 22:21:51 +0000},
	Month = sep,
	Title = {{Bayes}ian Aggregation for Hierarchical Genre Classification},
	Year = {2007}}

@inproceedings{Dekel2004,
	Acmid = {1015374},
	Address = {New York, NY, USA},
	Author = {Dekel, Ofer and Keshet, Joseph and Singer, Yoram},
	Booktitle = {Proceedings of the twenty-first international conference on Machine learning},
	Isbn = {1-58113-838-5},
	Location = {Banff, Alberta, Canada},
	Pages = {27--},
	Publisher = {ACM},
	Series = {ICML '04},
	Title = {Large margin hierarchical classification},
	Year = {2004}}

@article{Demsar2006,
	Author = {Dem\v{s}ar, Janez},
	Citeulike-Article-Id = {590230},
	Date-Added = {2012-07-04 22:21:51 +0000},
	Date-Modified = {2012-07-04 22:21:51 +0000},
	Editor = {Statistical},
	Journal = {Journal of Machine Learning Research},
	Pages = {1-30},
	Posted-At = {2006-04-18 08:52:22},
	Priority = {2},
	Title = {Statistical Comparisons of Classifiers over Multiple Data Sets},
	Volume = {7},
	Year = {2006}}

@article{Deneubourg1990,
	Author = {Deneubourg, J. and Aron, S. and Goss, S. and Pasteels, J. M.},
	Date-Added = {2012-07-04 22:21:51 +0000},
	Date-Modified = {2012-07-04 22:21:51 +0000},
	Day = {1},
	Doi = {10.1007/BF01417909},
	Issn = {0892-7553},
	Journal = {Journal of Insect Behavior},
	Month = {March},
	Number = {2},
	Pages = {159--168},
	Priority = {2},
	Title = {{The self-organizing exploratory pattern of the argentine ant}},
	Volume = {3},
	Year = {1990},
	Bdsk-Url-1 = {http://dx.doi.org/10.1007/BF01417909}}

@article{DeRisi97,
	Author = {DeRisi, J. L. and Iyer, V. R. and Brown, P. O.},
	Date-Added = {2012-07-04 22:21:51 +0000},
	Date-Modified = {2012-07-04 22:21:51 +0000},
	Day = {24},
	Doi = {10.1126/science.278.5338.680},
	Issn = {0036-8075},
	Journal = {Science},
	Keywords = {analysis, array, basis, expression, genomics, ht, methodspaper, mitochondria, yeast},
	Month = {October},
	Number = {5338},
	Pages = {680--686},
	Posted-At = {2007-01-22 16:44:35},
	Priority = {2},
	Title = {Exploring the metabolic and genetic control of gene expression on a genomic scale.},
	Url = {http://dx.doi.org/10.1126/science.278.5338.680},
	Volume = {278},
	Year = {1997},
	Bdsk-Url-1 = {http://dx.doi.org/10.1126/science.278.5338.680}}

@inproceedings{Dietterich91,
	Author = {Thomas G. Dietterich and Ghulum Bakiri},
	Booktitle = {In Proceedings of AAAI-91},
	Date-Added = {2012-07-04 22:21:51 +0000},
	Date-Modified = {2012-07-04 22:21:51 +0000},
	Pages = {572--577},
	Publisher = {AAAI Press},
	Title = {Error-correcting output codes: a general method for improving multiclass inductive learning programs},
	Year = {1991}}

@inproceedings{Dimitrovski08,
	Author = {Dimitrovski, I and Kocev, D and Loskovska, S and Dzeroski, S},
	Booktitle = {11th International Multiconference Information Society},
	Date-Added = {2012-07-04 22:21:51 +0000},
	Date-Modified = {2012-07-04 22:21:51 +0000},
	Owner = {cerri},
	Pages = {174-177},
	Timestamp = {2010.03.15},
	Title = {Hierarchical annotation of medical images},
	Volume = {A},
	Year = {2008}}

@inproceedings{Dimitrovski2009,
	Acmid = {1885145},
	Address = {Berlin, Heidelberg},
	Author = {Dimitrovski, Ivica and Kocev, Dragi and Loskovska, Suzana and D\v{z}eroski, Sa\v{s}o},
	Booktitle = {Proceedings of the 10th international conference on Cross-language evaluation forum: multimedia experiments},
	Isbn = {3-642-15750-5, 978-3-642-15750-9},
	Location = {Corfu, Greece},
	Numpages = {8},
	Pages = {231--238},
	Publisher = {Springer-Verlag},
	Series = {CLEF'09},
	Title = {ImageCLEF 2009 medical image annotation task: PCTs for hierarchical multi-label classification},
	Year = {2009}}

@mastersthesis{DissertacaoEduardo,
	Author = {Eduardo Paula Costa},
	Date-Added = {2012-07-04 22:21:51 +0000},
	Date-Modified = {2012-07-04 22:21:51 +0000},
	Owner = {Cerri},
	Timestamp = {2008.09.21},
	Year = {2008}}

@techreport{Dorigo1991,
	Author = {Dorigo, M. and Maniezzo, V. and Colorni, A.},
	Date-Added = {2012-07-04 22:21:51 +0000},
	Date-Modified = {2012-07-04 22:21:51 +0000},
	Institution = {Dipartimento di Elettronica, Politecnico di Milano, IT},
	Owner = {cerri},
	Timestamp = {2011.01.17},
	Title = {Positive feedback as a search strategy},
	Year = {1991}}

@phdthesis{Dorigo1992,
	Author = {Dorigo, M.},
	Date-Added = {2012-07-04 22:21:51 +0000},
	Date-Modified = {2012-07-04 22:21:51 +0000},
	Owner = {cerri},
	School = {Dipartimento di Elettronica, Politecnico di Milano, IT},
	Timestamp = {2011.01.17},
	Title = {{Optimization, Learning and Natural Algorithms}},
	Year = {1992}}

@inbook{Dorigo1999,
	Acmid = {329062},
	Address = {Maidenhead, UK, England},
	Author = {Dorigo, Marco and Di Caro, Gianni},
	Book = {New ideas in optimization},
	Date-Added = {2012-07-04 22:21:51 +0000},
	Date-Modified = {2012-07-04 22:21:51 +0000},
	Isbn = {0-07-709506-5},
	Numpages = {22},
	Pages = {11--32},
	Publisher = {McGraw-Hill Ltd., UK},
	Title = {The ant colony optimization meta-heuristic},
	Year = {1999}}

@article{Dorigo2006,
	Date-Added = {2012-07-04 22:21:51 +0000},
	Date-Modified = {2012-07-04 22:21:51 +0000},
	Journal = {IEEE Comput. Intell. Mag},
	Pages = {28--39},
	Title = {Ant Colony Optimization: Artificial Ants as a Computational Intelligence Technique},
	Volume = {1},
	Year = {2006}}

@inproceedings{Dumais2000,
	Acmid = {345593},
	Address = {New York, NY, USA},
	Author = {Dumais, Susan and Chen, Hao},
	Booktitle = {Proceedings of the 23rd annual international ACM SIGIR conference on Research and development in information retrieval},
	Date-Added = {2012-07-04 22:21:51 +0000},
	Date-Modified = {2012-07-04 22:21:51 +0000},
	Doi = {http://doi.acm.org/10.1145/345508.345593},
	Isbn = {1-58113-226-3},
	Keywords = {Web hierarchies, classification, hierarchical models, machine learning, support vector machines, text catergorization, text classification},
	Location = {Athens, Greece},
	Numpages = {8},
	Pages = {256--263},
	Publisher = {ACM},
	Series = {SIGIR '00},
	Title = {Hierarchical classification of Web content},
	Url = {http://doi.acm.org/10.1145/345508.345593},
	Year = {2000},
	Bdsk-Url-1 = {http://doi.acm.org/10.1145/345508.345593}}

@misc{e1071,
	Author = {Evgenia Dimitriadou and Kurt Hornik and Friedrich Leisch and David Meyer and Andreas Weingessel},
	Date-Added = {2012-07-04 22:21:51 +0000},
	Date-Modified = {2012-07-04 22:21:51 +0000},
	Title = {r-cran-e1071},
	Url = {http://mloss.org/software/view/94/},
	Year = {2008},
	Bdsk-Url-1 = {http://mloss.org/software/view/94/}}

@book{EC,
	Author = {Webb, Edwin C and International Union of Biochemistry and Molecular Biology.},
	Date-Added = {2012-07-04 22:21:51 +0000},
	Date-Modified = {2012-07-04 22:21:51 +0000},
	Isbn = {0122271645 0122271653 0122271645 0122271653},
	Language = {English},
	Pages = {xiii, 862 p.},
	Publisher = {Published for the International Union of Biochemistry and Molecular Biology by Academic Press, San Diego},
	Title = {Enzyme nomenclature 1992 : recommendations of the Nomenclature Committee of the International Union of Biochemistry and Molecular Biology on the nomenclature and classification of enzymes / prepared for NC-IUBMB by Edwin C. Webb},
	Type = {Book},
	Url = {http://www.loc.gov/catdir/toc/els032/92025248.html},
	Year = {1992},
	Bdsk-Url-1 = {http://www.loc.gov/catdir/toc/els032/92025248.html}}

@book{Eiben2003,
	Author = {Eiben, Agoston E. and Smith, J. E.},
	Date-Added = {2012-07-04 22:21:51 +0000},
	Date-Modified = {2012-07-04 22:21:51 +0000},
	Isbn = {3540401849},
	Publisher = {Springer Verlag},
	Title = {Introduction to Evolutionary Computing},
	Year = {2003}}

@article{Eisen98,
	Author = {Eisen, Michael B. and Spellman, Paul T. and Brown, Patrick O. and Botstein, David},
	Date-Added = {2012-07-04 22:21:51 +0000},
	Date-Modified = {2012-07-04 22:21:51 +0000},
	Day = {8},
	Doi = {10.1073/pnas.95.25.14863},
	Issn = {0027-8424},
	Journal = {Proceedings of the National Academy of Sciences of the United States of America},
	Keywords = {cluster\_analysis, saccharomyces\_cerevisiae, yeast},
	Month = {December},
	Number = {25},
	Pages = {14863--14868},
	Posted-At = {2009-12-10 19:56:41},
	Priority = {2},
	Title = {Cluster analysis and display of genome-wide expression patterns},
	Url = {http://dx.doi.org/10.1073/pnas.95.25.14863},
	Volume = {95},
	Year = {1998},
	Bdsk-Url-1 = {http://dx.doi.org/10.1073/pnas.95.25.14863}}

@inproceedings{Eisner2005,
	Author = {Eisner, R. and Poulin, B. and Szafron, D. and Lu, P. and Greiner, R.},
	Booktitle = {Computational Intelligence in Bioinformatics and Computational Biology, 2005. CIBCB '05. Proceedings of the 2005 IEEE Symposium on},
	Date-Added = {2012-07-04 22:21:51 +0000},
	Date-Modified = {2012-07-04 22:21:51 +0000},
	Pages = {1-10},
	Title = {Improving Protein Function Prediction using the Hierarchical Structure of the Gene Ontology},
	Year = {2005}}

@inproceedings{elisseeff01kernel,
	Author = {Andre Elisseeff and Jason Weston},
	Booktitle = {In Advances in Neural Information Processing Systems 14},
	Date-Added = {2012-07-04 22:21:51 +0000},
	Date-Modified = {2012-07-04 22:21:51 +0000},
	Pages = {681-687},
	Publisher = {MIT Press},
	Title = {Kernel methods for Multi-labelled classification and Categorical regression problems},
	Year = {2001}}

@inproceedings{Esuli06,
	Author = {Andrea Esuli and Tiziano Fagni and Fabrizio Sebastiani},
	Booktitle = {In Proceedings of the 13th International Symposium on String Processing and Information Retrieval (SPIRE06)},
	Date-Added = {2012-07-04 22:21:51 +0000},
	Date-Modified = {2012-07-04 22:21:51 +0000},
	Pages = {13--24},
	Title = {Tree{B}oost.MH: A boosting algorithm for multi-label hierarchical text categorization},
	Year = {2006}}

@article{Esuli2008,
	Address = {Hingham, MA, USA},
	Author = {Esuli, Andrea and Fagni, Tiziano and Sebastiani, Fabrizio},
	Issn = {1386-4564},
	Journal = {Inf. Retr.},
	Number = {4},
	Pages = {287--313},
	Publisher = {Kluwer Academic Publishers},
	Title = {Boosting multi-label hierarchical text categorization},
	Volume = {11},
	Year = {2008}}

@inproceedings{Fagni07,
	Author = {Fagni, T. and Sebastiani, F.},
	Booktitle = {3rd Language \& Technology Conference (LTC'07)},
	Date-Added = {2012-07-04 22:21:51 +0000},
	Date-Modified = {2012-07-04 22:21:51 +0000},
	Owner = {cerri},
	Pages = {24-28},
	Timestamp = {2010.03.15},
	Title = {On the selection of negative examples for hierarchical text categorization},
	Year = {2007}}

@techreport{Fawcett04rocgraphs,
	Author = {Fawcett, Tom},
	Booktitle = {HP Labs Tech Report},
	Date-Added = {2012-07-04 22:21:51 +0000},
	Date-Modified = {2012-07-04 22:21:51 +0000},
	Institution = {HP Laboratories},
	Number = {HPL-2003-4},
	Title = {ROC Graphs: Notes and Practical Considerations for Researchers},
	Url = {http://home.comcast.net/~tom.fawcett/public_html/papers/ROC101.pdf},
	Year = {2004},
	Bdsk-Url-1 = {http://home.comcast.net/~tom.fawcett/public_html/papers/ROC101.pdf}}

@techreport{FixHodges51,
	Author = {E. Fix and {J.L} Hodges},
	Date-Added = {2012-07-04 22:21:51 +0000},
	Date-Modified = {2012-07-04 22:21:51 +0000},
	Institution = {USAF Scholl of aviation and medicine, Randolph Field},
	Note = {4},
	Title = {Discriminatory analysis, non-parametric discrimination: consistency properties},
	Year = {1951}}

@book{Fogel2000,
	Author = {Fogel, David B.},
	Date-Added = {2012-07-04 22:21:51 +0000},
	Date-Modified = {2012-07-04 22:21:51 +0000},
	Edition = {2},
	Editor = {The IEEE Press},
	Publisher = {The IEEE Press},
	Title = {{Evolutionary Computation: Toward a New Philosophy of Machine Intelligence}},
	Year = {2000}}

@inproceedings{Forrest1994,
	Author = {Forrest, S. and Perelson, A.S. and Allen, L. and Cherukuri, R.},
	Booktitle = {Proceedings of the IEEE Computer Society Symposium on Research in Security and Privacy.},
	Date-Added = {2012-07-04 22:21:51 +0000},
	Date-Modified = {2012-07-04 22:21:51 +0000},
	Month = may,
	Pages = {202 -212},
	Title = {Self-nonself discrimination in a computer},
	Year = {1994}}

@incollection{Freitas2007,
	Author = {A.A. Freitas and Andre C.P.F.L. Carvalho},
	Booktitle = {Research and Trends in Data Mining Technologies and Applications},
	Chapter = {VII},
	Date-Added = {2012-07-04 22:21:51 +0000},
	Date-Modified = {2012-07-04 22:21:51 +0000},
	Isbn = {159904272X},
	Pages = {175-208},
	Publisher = {Idea Group},
	Submission_Id = {14318_1172254397},
	Title = {A Tutorial on Hierarchical Classification with Applications in Bioinformatics},
	Year = {2007}}

@incollection{Freitas2008,
	Author = {A.A. Freitas and R.S. Parpinelli and H.S. Lopes},
	Booktitle = {Encyclopedia of Information Science and Technology},
	Date-Added = {2012-07-04 22:21:51 +0000},
	Date-Modified = {2012-07-04 22:21:51 +0000},
	Edition = {2nd},
	Editor = {M. Khosrow-Pour},
	Isbn = {978-1-60566-026-4},
	Keywords = {ant colony optimization, data mining, classification},
	Month = {December},
	Pages = {154-159},
	Publication_Type = {incollection},
	Publisher = {Information Science Reference},
	Submission_Id = {23029_1271759789},
	Title = {Ant colony algorithms for data classification},
	Url = {http://www.cs.kent.ac.uk/pubs/2008/3007},
	Year = {2008},
	Bdsk-Url-1 = {http://www.cs.kent.ac.uk/pubs/2008/3007}}

@inproceedings{Freund95,
	Abstract = {In the first part of the paper we consider the problem of dynamically
	apportioning resources among a set of options in a worst-case on-line
	framework. The model we study can be interpreted as a broad, abstract
	extension of the well-studied on-line prediction model to a general
	decision-theoretic setting. We show that the multiplicative weightupdate
	rule of Littlestone and Warmuth [15] can be adapted to this model
	yielding bounds that are slightly weaker in some cases, but applicable
	to a...},
	Author = {Freund, Yoav and Schapire, Robert E.},
	Booktitle = {European Conference on Computational Learning Theory},
	Citeulike-Article-Id = {411631},
	Date-Added = {2012-07-04 22:21:51 +0000},
	Date-Modified = {2012-07-04 22:21:51 +0000},
	Keywords = {adaboost, bayesian, boosting},
	Pages = {23--37},
	Posted-At = {2007-07-21 22:19:58},
	Priority = {0},
	Title = {A decision-theoretic generalization of on-line learning and an application to boosting},
	Year = {1995}}

@inproceedings{Freund99thealternating,
	Author = {Yoav Freund and Llew Mason},
	Booktitle = {In Machine Learning: Proceedings of the Sixteenth International Conference},
	Date-Added = {2012-07-04 22:21:51 +0000},
	Date-Modified = {2012-07-04 22:21:51 +0000},
	Pages = {124--133},
	Publisher = {Morgan Kaufmann},
	Title = {The alternating decision tree learning algorithm},
	Year = {1999}}

@article{FreundBoosting,
	Abstract = {Boosting is a general method for improving the accuracy of any given
	learning algorithm. This short overview paper introduces the boosting
	algorithm AdaBoost, and explains the underlying theory of boosting,
	including an explanation of why boosting often does not suffer from
	overfitting as well as boosting's relationship to support-vector
	machines. Some examples of recent applications of boosting are also
	described.},
	Author = {Freund, Y. and Schapire, R.},
	Chapter = {11},
	Citeulike-Article-Id = {765005},
	Date-Added = {2012-07-04 22:21:51 +0000},
	Date-Modified = {2012-07-04 22:21:51 +0000},
	Journal = {Japonese Society for Artificial Intelligence},
	Keywords = {adaboost},
	Number = {5},
	Pages = {771--780},
	Posted-At = {2008-07-09 10:37:45},
	Priority = {2},
	Title = {A short introduction to boosting},
	Volume = {14},
	Year = {1999}}

@article{Friedman1937,
	Author = {Milton Friedman},
	Date-Added = {2012-07-04 22:21:51 +0000},
	Date-Modified = {2012-07-04 22:21:51 +0000},
	Journal = {Journal of the American Statistical Association},
	Pages = {675-701},
	Title = {The Use of Ranks to Avoid the Assumption of Normality Implicit in the Analysis of Variance},
	Volume = {32},
	Year = {1937}}

@article{Friedman1940,
	Author = {Milton Friedman},
	Date-Added = {2012-07-04 22:21:51 +0000},
	Date-Modified = {2012-07-04 22:21:51 +0000},
	Journal = {Annals of Mathematical Statistics},
	Number = {1},
	Owner = {cerri},
	Pages = {86-92},
	Timestamp = {2009.12.30},
	Title = {A Comparison of Alternative Tests of Significance for the Problem of $m$ Rankings},
	Volume = {11},
	Year = {1940},
	Bdsk-Url-1 = {http://projecteuclid.org/DPubS?service=UI&version=1.0&verb=Display&handle=euclid.aoms/1177731944}}

@article{Funcat2004,
	Author = {Ruepp, A. and Zollner, A. and Maier, D. and Albermann, K. and Hani, J. and Mokrejs, M. and Tetko, I. and G\"{u}ldener, U. and Mannhaupt, G. and M\"{u}nsterk\"{o}tter, M. and Mewes, H. W.},
	Date-Added = {2012-07-04 22:21:51 +0000},
	Date-Modified = {2012-07-04 22:21:51 +0000},
	Day = {14},
	Issn = {1362-4962},
	Journal = {Nucleic Acids Research},
	Month = {October},
	Number = {18},
	Pages = {5539--5545},
	Posted-At = {2007-05-18 10:23:25},
	Priority = {2},
	Title = {The FunCat, a functional annotation scheme for systematic classification of proteins from whole genomes},
	Volume = {32},
	Year = {2004}}

@article{Gasch00,
	Author = {Gasch, A. P. and Spellman, P. T. and Kao, C. M. and Carmel-Harel, O. and Eisen, M. B. and Storz, G. and Botstein, D. and Brown, P. O.},
	Date-Added = {2012-07-04 22:21:51 +0000},
	Date-Modified = {2012-07-04 22:21:51 +0000},
	Issn = {1059-1524},
	Journal = {Molecular biology of the cell},
	Keywords = {gene\_expression\_data},
	Month = {December},
	Number = {12},
	Pages = {4241--4257},
	Posted-At = {2009-12-06 04:07:41},
	Priority = {2},
	Title = {Genomic expression programs in the response of yeast cells to environmental changes.},
	Url = {http://www.molbiolcell.org/cgi/content/abstract/11/12/4241},
	Volume = {11},
	Year = {2000},
	Bdsk-Url-1 = {http://www.molbiolcell.org/cgi/content/abstract/11/12/4241}}

@article{Gasch01,
	Author = {Gasch, A. P. and Huang, M. and Metzner, S. and Botstein, D. and Elledge, S. J. and Brown, P. O.},
	Citeulike-Article-Id = {1778173},
	Date-Added = {2012-07-04 22:21:51 +0000},
	Date-Modified = {2012-07-04 22:21:51 +0000},
	Journal = {Mol. Biol. Cell},
	Keywords = {bibtex-import},
	Pages = {2987--3003},
	Posted-At = {2007-10-17 06:31:28},
	Priority = {0},
	Title = {{Genomic expression responses to DNA-damaging agents and the regulatory role of the yeast ATR homolog Mec1p}},
	Volume = {12},
	Year = {2001}}

@article{Ashburner2000,
	Address = {Department of Genetics, Stanford University School of Medicine, California, USA. cherry@stanford.edu},
	Author = {Ashburner, M. and others},
	Citeulike-Article-Id = {212874},
	Date-Added = {2012-07-04 22:21:51 +0000},
	Date-Modified = {2012-07-04 22:21:51 +0000},
	Issn = {1061-4036},
	Journal = {Nature Genetics},
	Pages = {25--29},
	Posted-At = {2006-10-24 19:09:35},
	Priority = {0},
	Title = {Gene ontology: tool for the unification of biology. {T}he {G}ene {O}ntology {C}onsortium.},
	Volume = {25},
	Year = {2000}}

@incollection{Godbole2004,
	Author = {Godbole, Shantanu and Sarawagi, Sunita},
	Booktitle = {8th Pacific-Asia Conference on Knowledge Discovery and Data Mining},
	Citeulike-Article-Id = {2798290},
	Date-Added = {2012-07-04 22:21:51 +0000},
	Date-Modified = {2012-07-04 22:21:51 +0000},
	Journal = {Advances in Knowledge Discovery and Data Mining},
	Keywords = {multilabel, svm},
	Pages = {22-30},
	Posted-At = {2008-05-14 13:27:27},
	Priority = {0},
	Publisher = {Springer},
	Title = {Discriminative Methods for Multi-labeled Classification},
	Url = {http://www.springerlink.com/content/maa4ag38jd3pwrc0},
	Year = {2004},
	Bdsk-Url-1 = {http://www.springerlink.com/content/maa4ag38jd3pwrc0}}

@article{Goldberg1988,
	Author = {David E. Goldberg and John H. Holland},
	Bibsource = {DBLP, http://dblp.uni-trier.de},
	Date-Added = {2012-07-04 22:21:51 +0000},
	Date-Modified = {2012-07-04 22:21:51 +0000},
	Journal = {Machine Learning},
	Pages = {95-99},
	Title = {Genetic Algorithms and Machine Learning},
	Volume = {3},
	Year = {1988}}

@book{Goldberg1989,
	Address = {Boston, MA, USA},
	Author = {Goldberg, David E.},
	Date-Added = {2012-07-04 22:21:51 +0000},
	Date-Modified = {2012-07-04 22:21:51 +0000},
	Edition = {1st},
	Isbn = {0201157675},
	Publisher = {Addison-Wesley Longman Publishing Co., Inc.},
	Title = {Genetic Algorithms in Search, Optimization and Machine Learning},
	Year = {1989}}

@inproceedings{Goldberg2001,
	Author = {David E. Goldberg and Kumara Sastry},
	Booktitle = {Proceedings of the Genetic and Evolutionary Computation Conference},
	Date-Added = {2012-07-04 22:21:51 +0000},
	Date-Modified = {2012-07-04 22:21:51 +0000},
	Pages = {328--335},
	Title = {A Practical Schema Theorem for Genetic Algorithm Design and Tuning},
	Year = {2001}}

@book{Goldberg2002,
	Address = {Boston, MA},
	Author = {Goldberg, D. E.},
	Date-Added = {2012-07-04 22:21:51 +0000},
	Date-Modified = {2012-07-04 22:21:51 +0000},
	Publisher = {Kluwer Academic Publishers},
	Title = {The Design of Innovation: Lessons from and for Competent GeneticAlgorithms},
	Year = {2002}}

@inproceedings{Goncalves2003,
	Author = {Teresa Gon\c{c}alves and Paulo Quaresma},
	Bibsource = {DBLP, http://dblp.uni-trier.de},
	Booktitle = {EPIA},
	Crossref = {DBLP:conf/epia/2003},
	Date-Added = {2012-07-04 22:21:51 +0000},
	Date-Modified = {2012-07-04 22:21:51 +0000},
	Ee = {http://springerlink.metapress.com/openurl.asp?genre=article{\&}issn=0302-9743{\&}volume=2902{\&}spage=435},
	Pages = {435-444},
	Title = {A Preliminary Approach to the Multilabel Classification Problem of Portuguese Juridical Documents},
	Year = {2003}}

@article{Goss1989,
	Author = {Goss, S. and Aron, S. and Deneubourg, J. and Pasteels, J.},
	Date-Added = {2012-07-04 22:21:51 +0000},
	Date-Modified = {2012-07-04 22:21:51 +0000},
	Day = {29},
	Doi = {10.1007/BF00462870},
	Journal = {Naturwissenschaften},
	Month = {December},
	Number = {12},
	Pages = {579--581},
	Priority = {3},
	Title = {{Self-organized shortcuts in the Argentine ants}},
	Volume = {76},
	Year = {1989},
	Bdsk-Url-1 = {http://dx.doi.org/10.1007/BF00462870}}

@inproceedings{Grodzicki2008,
	Author = {Grodzicki, Rafa\l and Ma\'{n}dziuk, Jacek and Wang, Lipo},
	Booktitle = {International Conference on Parallel Problem Solving from Nature},
	Date-Added = {2012-07-04 22:21:51 +0000},
	Date-Modified = {2012-07-04 22:21:51 +0000},
	Location = {Dortmund, Germany},
	Pages = {409--416},
	Title = {Improved Multilabel Classification with Neural Networks},
	Year = {2008}}

@article{Guan2008,
	Author = {Guan, Yuanfang and Myers, Chad and Hess, David and Barutcuoglu, Zafer and Caudy, Amy and Troyanskaya, Olga},
	Date-Added = {2012-07-04 22:21:51 +0000},
	Date-Modified = {2012-07-04 22:21:51 +0000},
	Doi = {10.1186/gb-2008-9-s1-s3},
	Issn = {1465-6906},
	Journal = {Genome Biology},
	Pages = {S3},
	Pubmedid = {18613947},
	Title = {Predicting gene function in a hierarchical context with an ensemble of classifiers},
	Volume = {9},
	Year = {2008},
	Bdsk-Url-1 = {http://dx.doi.org/10.1186/gb-2008-9-s1-s3}}

@article{HASTINGS01970,
	Author = {Hastings, W. K.},
	Date-Added = {2012-07-04 22:21:51 +0000},
	Date-Modified = {2012-07-04 22:21:51 +0000},
	Doi = {10.1093/biomet/57.1.97},
	Journal = {Biometrika},
	Number = {1},
	Pages = {97-109},
	Title = {{Monte Carlo sampling methods using Markov chains and their applications}},
	Volume = {57},
	Year = {1970},
	Bdsk-Url-1 = {http://dx.doi.org/10.1093/biomet/57.1.97}}

@book{Haykin1999,
	Address = {Upper Saddle River, NJ, USA},
	Author = {Haykin, Simon},
	Date-Added = {2012-07-04 22:21:51 +0000},
	Date-Modified = {2012-07-04 22:21:51 +0000},
	Edition = {2nd},
	Isbn = {0132733501},
	Publisher = {Prentice Hall PTR},
	Title = {Neural Networks: A Comprehensive Foundation},
	Year = {1999}}

@book{Hecht-Nielsen1989,
	Address = {Boston, MA, USA},
	Author = {Hecht-Nielsen, Robert},
	Date-Added = {2012-07-04 22:21:51 +0000},
	Date-Modified = {2012-07-04 22:21:51 +0000},
	Isbn = {0-201-09355-3},
	Publisher = {Addison-Wesley Longman Publishing Co., Inc.},
	Title = {Neurocomputing},
	Year = {1989}}

@inproceedings{Holden06,
	Author = {N. Holden and A.A. Freitas},
	Booktitle = {Proc. IEEE Swarm Intelligence Symposium (SIS-06)},
	Date-Added = {2012-07-04 22:21:51 +0000},
	Date-Modified = {2012-07-04 22:21:51 +0000},
	Keywords = {data mining, bioinformatics, classification, ant colony optimization, particle swarm optimization},
	Pages = {77-84},
	Publication_Type = {inproceedings},
	Publisher = {IEEE Press},
	Refereed = {yes},
	Submission_Id = {23222_1154357015},
	Title = {Hierarchical Classification of G-Protein-Coupled Receptors with a PSO/ACO Algorithm},
	Year = {2006}}

@book{Holland1975,
	Author = {John H. Holland},
	Date-Added = {2012-07-04 22:21:51 +0000},
	Date-Modified = {2012-07-04 22:21:51 +0000},
	Editor = {MIT Press},
	Owner = {cerri},
	Publisher = {MIT Press},
	Timestamp = {2011.02.01},
	Title = {Adaptation in natural and artificial systems},
	Year = {1975}}

@article{Hopfield1982,
	Author = {John Joseph Hopfield},
	Date-Added = {2012-07-04 22:21:51 +0000},
	Date-Modified = {2012-07-04 22:21:51 +0000},
	Journal = {Proceedings of the National Academy of Sciences of the United States of America},
	Number = {8},
	Pages = {2554-2558},
	Title = {{Neural networks and physical systems with emergent collective computational abilities}},
	Volume = {79},
	Year = {1982}}

@article{Hopfield1984,
	Author = {John Joseph Hopfield},
	Date-Added = {2012-07-04 22:21:51 +0000},
	Date-Modified = {2012-07-04 22:21:51 +0000},
	Journal = {Proceedings of the National Academy of Sciences of the United States of America},
	Number = {10},
	Pages = {3088-3092},
	Title = {{Neurons with graded response have collective computational properties like those of two-state neurons}},
	Volume = {81},
	Year = {1984}}

@article{Huang2009,
	Acmid = {1652018},
	Address = {Amsterdam, The Netherlands, The Netherlands},
	Author = {Huang, Cheng-Lung},
	Date-Added = {2012-07-04 22:21:51 +0000},
	Date-Modified = {2012-07-04 22:21:51 +0000},
	Issn = {0925-2312},
	Issue = {1-3},
	Journal = {Neurocomput.},
	Month = {December},
	Numpages = {11},
	Pages = {438--448},
	Publisher = {Elsevier Science Publishers B. V.},
	Title = {ACO-based hybrid classification system with feature subset selection and model parameters optimization},
	Volume = {73},
	Year = {2009}}

@article{Iman80,
	Author = {Iman, R.L. and Davenport, J.M.},
	Date-Added = {2012-07-04 22:21:51 +0000},
	Date-Modified = {2012-07-04 22:21:51 +0000},
	Journal = {Communications in Statistics},
	Owner = {cerri},
	Pages = {571-595},
	Timestamp = {2009.12.31},
	Title = {Approximations of the critical region of the Friedman statistic},
	Year = {1980}}

@inbook{IntroductionKernelMethods,
	Address = {Vienna, Austria, Austria},
	Author = {C. Campbell},
	Date-Added = {2012-07-04 22:21:51 +0000},
	Date-Modified = {2012-07-04 22:21:51 +0000},
	Isbn = {3-7908-1367-2},
	Note = {Radial basis function networks 1: recent developments in theory and applications},
	Pages = {155--192},
	Publisher = {Physica Verlag Rudolf Liebing KG},
	Title = {An introduction to kernel methods},
	Year = {2001}}

@inproceedings{Ipeirotis2001,
	Author = {Panagiotis G. Ipeirotis and Luis Gravano and Mehran Sahami},
	Booktitle = {SIGMOD Conference},
	Date-Added = {2012-07-04 22:21:51 +0000},
	Date-Modified = {2012-07-04 22:21:51 +0000},
	Pages = {67-78},
	Title = {Probe, Count, and Classify: Categorizing Hidden Web Databases},
	Year = {2001}}

@mastersthesis{Itskevitch01,
	Author = {Julia Itskevitch},
	Date-Added = {2012-07-04 22:21:51 +0000},
	Date-Modified = {2012-07-04 22:21:51 +0000},
	Owner = {cerri},
	School = {Simon Fraser University},
	Timestamp = {2010.03.24},
	Title = {Automatic Hierarchical E-Mail Classification Using Association Rules},
	Year = {2001}}

@article{Jerne1974,
	Author = {Jerne, N.K.},
	Date-Added = {2012-07-04 22:21:51 +0000},
	Date-Modified = {2012-07-04 22:21:51 +0000},
	Journal = {Ann. Immunol. (Inst. Pasteur)},
	Number = {1-2},
	Pages = {373-389},
	Title = {Towards a network theory of the immune system},
	Volume = {125 C},
	Year = {1974}}

@inproceedings{Jiang97,
	Author = {Jiang, J.J. and Conrath, D.W.},
	Booktitle = {Proceedings of the International Conference on Research in Computational Linguistics},
	Date-Added = {2012-07-04 22:21:51 +0000},
	Date-Modified = {2012-07-04 22:21:51 +0000},
	Interhash = {175ec03ee8c47d4b2d0a083609a78e05},
	Intrahash = {c4ffc507dafc908eab62fde53f7e4f7a},
	Pages = {19--33},
	Title = {Semantic similarity based on corpus statistics and lexical taxonomy},
	Year = {1997}}

@article{Jin08,
	Author = {Jin, Bo and Muller, Brian and Zhai, Chengxiang and Lu, Xinghua},
	Date-Added = {2012-07-04 22:21:51 +0000},
	Date-Modified = {2012-07-04 22:21:51 +0000},
	Doi = {10.1186/1471-2105-9-525},
	Issn = {1471-2105},
	Journal = {BMC Bioinformatics},
	Number = {1},
	Pages = {525},
	Pubmedid = {19063730},
	Title = {Multi-label literature classification based on the Gene Ontology graph},
	Volume = {9},
	Year = {2008},
	Bdsk-Url-1 = {http://dx.doi.org/10.1186/1471-2105-9-525}}

@book{Jones2007,
	Author = {Edward G. Jones},
	Date-Added = {2012-07-04 22:21:51 +0000},
	Date-Modified = {2012-07-04 22:21:51 +0000},
	Owner = {cerri},
	Publisher = {Cambridge University Press},
	Timestamp = {2011.02.07},
	Title = {The Thalamus},
	Year = {2007}}

@inproceedings{Karalic1991,
	Author = {Aram Karalic and Vladimir Pirnat},
	Booktitle = {Informatica},
	Date-Added = {2012-07-04 22:21:51 +0000},
	Date-Modified = {2012-07-04 22:21:51 +0000},
	Number = {5},
	Pages = {12},
	Title = {Significance level based multiple tree classification},
	Volume = {15},
	Year = {1991}}

@inproceedings{Kennedy1995,
	Address = {Perth, Australia},
	Author = {Kennedy, J. and Eberhart, R.},
	Booktitle = {Proceedings of the IEEE International Conference on Neural Networks},
	Date-Added = {2012-07-04 22:21:51 +0000},
	Date-Modified = {2012-07-04 22:21:51 +0000},
	Pages = {1942--1948},
	Title = {Particle swarm optimization},
	Volume = {4},
	Year = {1995}}

@inproceedings{Kennedy1998,
	Author = {Kennedy, J.},
	Booktitle = {Intelligent Control (ISIC), 1998. Held jointly with IEEE International Symposium on Computational Intelligence in Robotics and Automation (CIRA), Intelligent Systems and Semiotics (ISAS), Proceedings},
	Date-Added = {2012-07-04 22:21:51 +0000},
	Date-Modified = {2012-07-04 22:21:51 +0000},
	Month = sep,
	Pages = {883 -887},
	Title = {{Methods of agreement: inference among the EleMentals}},
	Year = {1998}}

@book{Kennedy2001,
	Author = {Kennedy, James and Eberhart, Russell C. and Shi, Yuhui},
	Date-Added = {2012-07-04 22:21:51 +0000},
	Date-Modified = {2012-07-04 22:21:51 +0000},
	Howpublished = {Hardcover},
	Isbn = {1558605959},
	Publisher = {Morgan Kaufmann Publishers},
	Title = {Swarm Intelligence},
	Year = {2001}}

@incollection{Kennedy2004,
	Author = {Kennedy, J},
	Booktitle = {{Recent Developments in Biologically Inspired Computing}},
	Chapter = {X},
	Date-Added = {2012-07-04 22:21:51 +0000},
	Date-Modified = {2012-07-04 22:21:51 +0000},
	Editor = {L. N. de Castro and F. J. Von Zuben},
	Owner = {cerri},
	Pages = {235-269},
	Publisher = {Idea Group Publishing},
	Timestamp = {2011.02.21},
	Title = {{Particle Swarms: Optimization Based on Sociocognition}},
	Year = {2004}}

@inproceedings{Kiritchenko2005,
	Author = {Kiritchenko, S. and Matwin, S. and Famili, A.F.},
	Booktitle = {Proc. of the ACL Workshop on Linking Biological Literature, Ontologies and Databases: Mining Biological Semantics},
	Date-Added = {2012-07-04 22:21:51 +0000},
	Date-Modified = {2012-07-04 22:21:51 +0000},
	Title = {Functional annotation of genes using hierarchical text categorization},
	Year = {2005}}

@incollection{Kiritchenko2006,
	Author = {Kiritchenko, Svetlana and Matwin, Stan and Nock, Richard and Famili,A.},
	Booktitle = {Advances in Artificial Intelligence},
	Date-Added = {2012-07-04 22:21:51 +0000},
	Date-Modified = {2012-07-04 22:32:51 +0000},
	Editor = {Lamontagne, Luc and Marchand, Marion},
	Pages = {395-406},
	Publisher = {Springer Berlin Heidelberg},
	Series = {Lecture Notes in Computer Science},
	Title = {Learning and Evaluation in the Presence of Class Hierarchies: Application to Text Categorization},
	Volume = {4013},
	Year = {2006},
	Bdsk-Url-1 = {http://dx.doi.org/10.1007/11766247_34}}

@phdthesis{KiritchenkoTese,
	Author = {Svetlana Kiritchenko},
	Date-Added = {2012-07-04 22:21:51 +0000},
	Date-Modified = {2012-07-04 22:32:45 +0000},
	Owner = {cerri},
	School = {School of Information Technology and Engineering, Faculty of Engineering, University of Ottawa},
	Title = {Hierarchical Text Categorization and its Application to Bioinformatics},
	Year = {2006}}

@article{Kirkpatrick1983,
	Author = {Kirkpatrick, S. and Gelatt, C. D. and Vecchi, M. P.},
	Date-Added = {2012-07-04 22:21:51 +0000},
	Date-Modified = {2012-07-04 22:21:51 +0000},
	Doi = {10.1126/science.220.4598.671},
	Journal = {Science},
	Number = {4598},
	Pages = {671-680},
	Title = {{Optimization by Simulated Annealing}},
	Volume = {220},
	Year = {1983},
	Bdsk-Url-1 = {http://dx.doi.org/10.1126/science.220.4598.671}}

@article{KNN,
	Author = {D. W. Aha and D. Kibler and M. K. Albert},
	Date-Added = {2012-07-04 22:21:51 +0000},
	Date-Modified = {2012-07-04 22:21:51 +0000},
	Journal = {Machine Learning},
	Number = {1},
	Pages = {37-66},
	Title = {Instance-based learning algorithms},
	Volume = {6},
	Year = {1991}}

@article{Kohonen1982,
	Author = {Teuvo K. Kohonen},
	Date-Added = {2012-07-04 22:21:51 +0000},
	Date-Modified = {2012-07-04 22:21:51 +0000},
	Issn = {0340-1200},
	Issue = {1},
	Journal = {Biological Cybernetics},
	Note = {10.1007/BF00337288},
	Pages = {59-69},
	Publisher = {Springer Berlin / Heidelberg},
	Title = {Self-organized formation of topologically correct feature maps},
	Url = {http://dx.doi.org/10.1007/BF00337288},
	Volume = {43},
	Year = {1982},
	Bdsk-Url-1 = {http://dx.doi.org/10.1007/BF00337288}}

@article{Kohonen1990,
	Author = {Teuvo K. Kohonen},
	Booktitle = {Proceedings of the IEEE},
	Date-Added = {2012-07-04 22:21:51 +0000},
	Date-Modified = {2012-07-04 22:21:51 +0000},
	Doi = {10.1109/5.58325},
	Issn = {00189219},
	Journal = {Proceedings of the IEEE},
	Month = {Sept},
	Number = {9},
	Pages = {1464--1480},
	Title = {{The self-organizing map}},
	Url = {http://dx.doi.org/10.1109/5.58325},
	Volume = {78},
	Year = {1990},
	Bdsk-Url-1 = {http://dx.doi.org/10.1109/5.58325}}

@book{Koza1992,
	Author = {Koza, John R.},
	Date-Added = {2012-07-04 22:21:51 +0000},
	Date-Modified = {2012-07-04 22:21:51 +0000},
	Editor = {MIT Press},
	Publisher = {MIT Press},
	Title = {Genetic Programming: On the Programming of Computers by Means of Natural Selection},
	Year = {1992}}

@article{Krauth87,
	Author = {W Krauth and M Mezard},
	Date-Added = {2012-07-04 22:21:51 +0000},
	Date-Modified = {2012-07-04 22:21:51 +0000},
	Journal = {Journal of Physics A: Mathematical and General},
	Number = {11},
	Pages = {L745},
	Title = {Learning algorithms with optimal stability in neural networks},
	Volume = {20},
	Year = {1987}}

@inproceedings{Langley1992,
	Acmid = {1867170},
	Author = {Langley, Pat and Iba, and, Wayne and Thompson, Kevin},
	Booktitle = {National conference on Artificial intelligence},
	Date-Added = {2012-07-04 22:21:51 +0000},
	Date-Modified = {2012-07-04 22:21:51 +0000},
	Isbn = {0-262-51063-4},
	Location = {San Jose, California},
	Numpages = {6},
	Pages = {223--228},
	Title = {An analysis of Bayesian classifiers},
	Year = {1992}}

@inproceedings{lauser2003,
	Author = {Boris Lauser and Andreas Hotho},
	Booktitle = {Proc. of the 7th European Conference in Research and Advanced Technology for Digital Libraries, ECDL 2003},
	Date-Added = {2012-07-04 22:21:51 +0000},
	Date-Modified = {2012-07-04 22:21:51 +0000},
	Pages = {140-151},
	Publisher = {Springer},
	Title = {Automatic multi-label subject indexing in a multilingual environment},
	Volume = {2769},
	Year = {2003}}

@inproceedings{Lin1998,
	Acmid = {657297},
	Address = {San Francisco, CA, USA},
	Author = {Lin, Dekang},
	Booktitle = {Proceedings of the Fifteenth International Conference on Machine Learning},
	Date-Added = {2012-07-04 22:21:51 +0000},
	Date-Modified = {2012-07-04 22:21:51 +0000},
	Isbn = {1-55860-556-8},
	Numpages = {9},
	Pages = {296--304},
	Publisher = {Morgan Kaufmann Publishers Inc.},
	Series = {ICML '98},
	Title = {An Information-Theoretic Definition of Similarity},
	Year = {1998}}

@article{Lord03,
	Author = {Lord, P.W. and Stevens, R.D. and Brass, A. and Goble, C.A.},
	Date-Added = {2012-07-04 22:21:51 +0000},
	Date-Modified = {2012-07-04 22:21:51 +0000},
	Document_Type = {Article},
	Journal = {Bioinformatics},
	Number = {10},
	Pages = {1275-1283},
	Title = {Investigating semantic similarity measures across the gene ontology: The relationship between sequence and annotation},
	Volume = {19},
	Year = {2003}}

@inproceedings{Luo2005,
	Author = {Luo, Xiao and Zincir-Heywood, Nur A.},
	Booktitle = {International Syposium on Methodologies for Intelligent Systems},
	Citeulike-Article-Id = {1228608},
	Date-Added = {2012-07-04 22:21:51 +0000},
	Date-Modified = {2012-07-04 22:21:51 +0000},
	Journal = {: Foundations of Intelligent Systems},
	Keywords = {knn, multilabel},
	Pages = {161--169},
	Posted-At = {2007-04-15 23:34:48},
	Priority = {0},
	Title = {Evaluation of Two Systems on Multi-class Multi-label Document Classification},
	Year = {2005}}

@incollection{Maniezzo2004,
	Address = {Berlin, Heidelberg},
	Author = {Vittorio Maniezzo and Luca Maria Gambardella and Fabio Luigi},
	Booktitle = {New Optimization Techniques in Engineering},
	Date-Added = {2012-07-04 22:21:51 +0000},
	Date-Modified = {2012-07-04 22:21:51 +0000},
	Editor = {G. C. Onwubolu and B. V. Babu},
	Pages = {101--117},
	Publisher = {Springer-Verlag},
	Title = {Ant Colony Optimization},
	Year = {2004}}

@book{Manning1999,
	Address = {Cambridge, MA, USA},
	Author = {Manning, Christopher D. and Sch\"{u}tze, Hinrich},
	Date-Added = {2012-07-04 22:21:51 +0000},
	Date-Modified = {2012-07-04 22:21:51 +0000},
	Isbn = {0-262-13360-1},
	Publisher = {MIT Press},
	Title = {Foundations of statistical natural language processing},
	Year = {1999}}

@article{MaximumPosteriori,
	Author = {Saridis, G.},
	Date-Added = {2012-07-04 22:21:51 +0000},
	Date-Modified = {2012-07-04 22:21:51 +0000},
	Issn = {0018-9286},
	Journal = {Automatic Control, IEEE Transactions on},
	Keywords = {null Book reviews, Parameter estimation},
	Month = {May},
	Number = {5},
	Pages = {634-635},
	Title = {Parameter estimation: Principles and problems},
	Volume = {28},
	Year = {1983}}

@inproceedings{Mayne2009,
	Author = {Mayne, A. and Perry, R.},
	Booktitle = {IEEE Symposium on Computational Intelligence and Data Mining},
	Pages = {133-139},
	Title = {Hierarchically classifying documents with multiple labels},
	Year = {2009}}

@book{McClelland1986,
	Address = {Cambridge, MA, USA},
	Author = {James L. McClelland and David E. Rumelhart},
	Date-Added = {2012-07-04 22:21:51 +0000},
	Date-Modified = {2012-07-04 22:21:51 +0000},
	Editor = {James L. McClelland and David E. Rumelhart},
	Isbn = {0-262-13218-4},
	Publisher = {MIT Press},
	Title = {Parallel distributed processing: explorations in the microstructure of cognition, vol. 2: psychological and biological models},
	Year = {1986}}

@article{McCulloch1943,
	Affiliation = {University of Illinois College of Medicine, Department of Psychiatry at the Illinois Neuropsychiatric Institute Illinois USA Illinois USA},
	Author = {Warren McCulloch and Walter Pitts},
	Date-Added = {2012-07-04 22:21:51 +0000},
	Date-Modified = {2012-07-04 22:21:51 +0000},
	Issn = {0092-8240},
	Issue = {4},
	Journal = {Bulletin of Mathematical Biology},
	Keyword = {Mathematics and Statistics},
	Note = {10.1007/BF02478259},
	Pages = {115-133},
	Publisher = {Springer New York},
	Title = {A logical calculus of the ideas immanent in nervous activity},
	Url = {http://dx.doi.org/10.1007/BF02478259},
	Volume = {5},
	Year = {1943},
	Bdsk-Url-1 = {http://dx.doi.org/10.1007/BF02478259}}

@misc{MedLine,
	Author = {{MedLine database}},
	Date-Added = {2012-07-04 22:21:51 +0000},
	Date-Modified = {2012-07-04 22:21:51 +0000},
	Note = {URL: http://www.ncbi.nlm.nih.gov/pubmed/},
	Title = {MedLine database},
	Year = {2008}}

@incollection{Millonas1994,
	Author = {Mark M. Millonas},
	Booktitle = {Artificial Life III},
	Date-Added = {2012-07-04 22:21:51 +0000},
	Date-Modified = {2012-07-04 22:21:51 +0000},
	Editor = {Langton, C.},
	Priority = {2},
	Publisher = {Addison-Wesley},
	Title = {{Swarms, phase transitions and collective intelligence}},
	Year = {1994}}

@book{Minsky1969,
	Author = {M. Minsky and S. Papert},
	Date-Added = {2012-07-04 22:21:51 +0000},
	Date-Modified = {2012-07-04 22:21:51 +0000},
	Publisher = {MIT Press},
	Title = {Perceptrons},
	Year = {1969}}

@article{MIPS,
	Address = {Institute for Bioinformatics (MIPS), GSF National Research Center for Environment and Health, Ingolstaedter Landstrasse 1, D-85764 Neuherberg, Germany. w.mewes@gsf.de},
	Author = {Mewes, H. W. and others},
	Citeulike-Article-Id = {512},
	Date-Added = {2012-07-04 22:21:51 +0000},
	Date-Modified = {2012-07-04 22:21:51 +0000},
	Issn = {1362-4962},
	Journal = {Nucleic Acids Research},
	Pages = {31-34},
	Posted-At = {2008-08-11 23:00:11},
	Priority = {0},
	Title = {MIPS: a database for genomes and protein sequences.},
	Volume = {30},
	Year = {2002}}

@book{Mitchell,
	Author = {Mitchell, Tom},
	Date-Added = {2012-07-04 22:21:51 +0000},
	Date-Modified = {2012-07-04 22:21:51 +0000},
	Keywords = {ML,MLbook},
	Publisher = {McGraw Hill},
	Title = {Machine Learning},
	Year = {1997}}

@inproceedings{MMAC04,
	Author = {Thabtah, F. A. and Cowling, P. and Peng, Y. and Rastogi, R. and Morik, K. and Bramer, M. and Wu, X.},
	Booktitle = {Fourth IEEE International Conference on Data Mining},
	Citeulike-Article-Id = {2787452},
	Date-Added = {2012-07-04 22:21:51 +0000},
	Date-Modified = {2012-07-04 22:21:51 +0000},
	Journal = {Proceedings - Fourth IEEE International Conference on Data Mining, ICDM 2004},
	Keywords = {associative, multilabel},
	Pages = {217-224},
	Posted-At = {2008-05-12 10:25:06},
	Priority = {4},
	Title = {MMAC: A new multi-class, multi-label associative classification approach},
	Url = {http://www.scopus.com/scopus/record/display.url?view=extended\&origin=resultslist\&eid=2-s2.0-19544382863},
	Year = {2004},
	Bdsk-Url-1 = {http://www.scopus.com/scopus/record/display.url?view=extended%5C&origin=resultslist%5C&eid=2-s2.0-19544382863}}

@inbook{Monard,
	Chapter = {4},
	Date-Added = {2012-07-04 22:21:51 +0000},
	Date-Modified = {2012-07-04 22:21:51 +0000},
	Pages = {39-56},
	Publication_Type = {inbook},
	Publisher = {Solange Oliveira Rezende},
	Year = {2003}}

@phdthesis{Nemenyi1963,
	Author = {P. B. Nemenyi},
	Date-Added = {2012-07-04 22:21:51 +0000},
	Date-Modified = {2012-07-04 22:21:51 +0000},
	Owner = {cerri},
	School = {Princeton University},
	Timestamp = {2009.12.30},
	Title = {Distribution-free multiple comparisons},
	Year = {1963}}

@book{Nigrin1993,
	Author = {Albert Nigrin},
	Date-Added = {2012-07-04 22:21:51 +0000},
	Date-Modified = {2012-07-04 22:21:51 +0000},
	Editor = {Cambridge, Mass.},
	Owner = {cerri},
	Publisher = {MIT Press},
	Timestamp = {2011.02.07},
	Title = {Neural networks for pattern recognition},
	Year = {1993}}

@article{Nossal1994,
	Author = {Nossal, G.J.},
	Date-Added = {2012-07-04 22:21:51 +0000},
	Date-Modified = {2012-07-04 22:21:51 +0000},
	Journal = {Cell},
	Number = {2},
	Pages = {229-239},
	Title = {Negative selection of lymphocytes.},
	Volume = {76},
	Year = {1994}}

@inproceedings{OHSUMED94,
	Address = {New York, NY, USA},
	Author = {Hersh, William and Buckley, Chris and Leone, T. J. and Hickam, David},
	Booktitle = {SIGIR '94: Proceedings of the 17th annual international ACM SIGIR conference on Research and development in information retrieval},
	Date-Added = {2012-07-04 22:21:51 +0000},
	Date-Modified = {2012-07-04 22:21:51 +0000},
	Isbn = {0-387-19889-X},
	Location = {Dublin, Ireland},
	Pages = {192--201},
	Publisher = {Springer-Verlag New York, Inc.},
	Title = {OHSUMED: an interactive retrieval evaluation and new large test collection for research},
	Year = {1994}}

@article{Oliver1996241,
	Author = {Stephen Oliver},
	Date-Added = {2012-07-04 22:21:51 +0000},
	Date-Modified = {2012-07-04 22:21:51 +0000},
	Doi = {DOI: 10.1016/0168-9525(96)30053-X},
	Issn = {0168-9525},
	Journal = {Trends in Genetics},
	Number = {7},
	Pages = {241 - 242},
	Title = {A network approach to the systematic analysis of yeast gene function},
	Url = {http://www.sciencedirect.com/science/article/B6TCY-3W25BRR-65/2/9db9086e96808df213a82da73bb5623b},
	Volume = {12},
	Year = {1996},
	Bdsk-Url-1 = {http://www.sciencedirect.com/science/article/B6TCY-3W25BRR-65/2/9db9086e96808df213a82da73bb5623b},
	Bdsk-Url-2 = {http://dx.doi.org/10.1016/0168-9525(96)30053-X}}

@inproceedings{Otero09,
	Author = {Fernando Otero and Alex Freitas and Collin Johnson},
	Booktitle = {European Conference on Evolutionary Computation, Machine Learning and Data Mining in Bioinformatics},
	Date-Added = {2012-07-04 22:21:51 +0000},
	Date-Modified = {2012-07-04 22:21:51 +0000},
	Isbn = {978-3-642-01183-2},
	Keywords = {ant colony optimization, data mining, classification, bioinformatics},
	Pages = {68-79},
	Publication_Type = {inproceedings},
	Publisher = {Springer},
	Refereed = {yes},
	Submission_Id = {20100_1247762311},
	Title = {A hierarchical classification ant colony algorithm for predicting gene ontology terms},
	Volume = {LNCS},
	Year = {2009}}

@article{Otero2010,
	Author = {Fernando Otero and Alex Freitas and Collin Johnson},
	Bibsource = {DBLP, http://dblp.uni-trier.de},
	Date-Added = {2012-07-04 22:21:51 +0000},
	Date-Modified = {2012-07-04 22:21:51 +0000},
	Ee = {http://dx.doi.org/10.1007/s12293-010-0045-4},
	Journal = {Memetic Computing},
	Pages = {165-181},
	Title = {A hierarchical multi-label classification ant colony algorithm for protein function prediction},
	Volume = {2},
	Year = {2010}}

@article{Ouali00,
	Author = {Mohammed Ouali and Ross D. King},
	Date-Added = {2012-07-04 22:21:51 +0000},
	Date-Modified = {2012-07-04 22:21:51 +0000},
	Journal = {Protein Science},
	Pages = {1162--1176},
	Title = {Cascaded Multiple Classifiers for Secondary Structure Prediction},
	Volume = {9},
	Year = {2000}}

@article{Ozbakir2009,
	Acmid = {1598524},
	Address = {Tarrytown, NY, USA},
	Author = {\"{O}zbakir, Lale and Baykasoglu, Adil and Kulluk, Sinem and Yapici, H\"{u}seyin},
	Date-Added = {2012-07-04 22:21:51 +0000},
	Date-Modified = {2012-07-04 22:21:51 +0000},
	Doi = {10.1016/j.eswa.2009.04.058},
	Issn = {0957-4174},
	Issue = {10},
	Journal = {Expert Syst. Appl.},
	Month = {December},
	Numpages = {11},
	Pages = {12295--12305},
	Publisher = {Pergamon Press, Inc.},
	Title = {TACO-miner: An ant colony based algorithm for rule extraction from trained neural networks},
	Volume = {36},
	Year = {2009},
	Bdsk-Url-1 = {http://dx.doi.org/10.1016/j.eswa.2009.04.058}}

@inproceedings{Pavlidis99partnersin,
	Author = {Paul Pavlidis and William Noble Grundy},
	Booktitle = {In},
	Date-Added = {2012-07-04 22:21:51 +0000},
	Date-Modified = {2012-07-04 22:21:51 +0000},
	Pages = {44--59},
	Publisher = {Routledge},
	Title = {Combining microarray expression data and phylogenetic profiles to learn functional categories using support vector machines},
	Year = {1999}}

@inproceedings{PedroLarranaga,
	Author = {Larranaga, Pedro and Calvo, Borja and Santana, Roberto and Bielza, Concha and Galdiano, Josu and Inza, Inaki and Lozano, Jose A. and Armananzas, Ruben and Santafe, Guzman and Perez, Aritz and Robles, Victor},
	Date-Added = {2012-07-04 22:21:51 +0000},
	Date-Modified = {2012-07-04 22:21:51 +0000},
	Doi = {10.1093/bib/bbk007},
	Eprint = {http://bib.oxfordjournals.org/cgi/reprint/7/1/86.pdf},
	Journal = {Brief Bioinform},
	Number = {1},
	Pages = {86-112},
	Title = {Machine learning in bioinformatics},
	Url = {http://bib.oxfordjournals.org/cgi/content/abstract/7/1/86},
	Volume = {7},
	Year = {2006},
	Bdsk-Url-1 = {http://bib.oxfordjournals.org/cgi/content/abstract/7/1/86},
	Bdsk-Url-2 = {http://dx.doi.org/10.1093/bib/bbk007}}

@article{Perelson1979,
	Author = {Alan S. Perelson and George F. Oster},
	Date-Added = {2012-07-04 22:21:51 +0000},
	Date-Modified = {2012-07-04 22:21:51 +0000},
	Issn = {0022-5193},
	Journal = {Journal of Theoretical Biology},
	Number = {4},
	Pages = {645 - 670},
	Title = {Theoretical studies of clonal selection: Minimal antibody repertoire size and reliability of self-non-self discrimination},
	Volume = {81},
	Year = {1979}}

@inbook{Powell1987,
	Acmid = {48433},
	Address = {New York, NY, USA},
	Author = {Powell, M. J. D.},
	Book = {Algorithms for approximation},
	Date-Added = {2012-07-04 22:21:51 +0000},
	Date-Modified = {2012-07-04 22:21:51 +0000},
	Isbn = {0-19-853612-7},
	Numpages = {25},
	Pages = {143--167},
	Publisher = {Clarendon Press},
	Title = {Radial basis functions for multivariable interpolation: a review},
	Year = {1987}}

@article{ProtParam,
	Author = {Wilkins, M.R. and Gasteiger, E. and Bairoch, A. and Sanchez, J.C. and Williams, K.L. and Appel, R.D. and Hochstrasser, D.F.},
	Date-Added = {2012-07-04 22:21:51 +0000},
	Date-Modified = {2012-07-04 22:21:51 +0000},
	Document_Type = {Review},
	Journal = {Methods in molecular biology (Clifton, N.J.)},
	Note = {cited By (since 1996) 95},
	Pages = {531-552},
	Source = {Scopus},
	Title = {Protein identification and analysis tools in the ExPASy server.},
	Volume = {112},
	Year = {1999}}

@book{Quinlan,
	Address = {San Francisco, CA, USA},
	Author = {J. Ross Quinlan},
	Date-Added = {2012-07-04 22:21:51 +0000},
	Date-Modified = {2012-07-04 22:21:51 +0000},
	Isbn = {1-55860-238-0},
	Publisher = {Morgan Kaufmann Publishers Inc.},
	Title = {C4.5: programs for machine learning},
	Year = {1993}}

@article{Raghavan1989,
	Acmid = {65945},
	Address = {New York, NY, USA},
	Author = {Raghavan, Vijay and Bollmann, Peter and Jung, Gwang S.},
	Date-Added = {2012-07-04 22:21:51 +0000},
	Date-Modified = {2012-07-04 22:21:51 +0000},
	Doi = {http://doi.acm.org/10.1145/65943.65945},
	Issn = {1046-8188},
	Issue = {3},
	Journal = {ACM Trans. Inf. Syst.},
	Month = {July},
	Numpages = {25},
	Pages = {205--229},
	Publisher = {ACM},
	Title = {A critical investigation of recall and precision as measures of retrieval system performance},
	Url = {http://doi.acm.org/10.1145/65943.65945},
	Volume = {7},
	Year = {1989},
	Bdsk-Url-1 = {http://doi.acm.org/10.1145/65943.65945}}

@inproceedings{RAKEL07,
	Address = {Warsaw, Poland},
	Author = {Tsoumakas, G. and Vlahavas, I.},
	Booktitle = {European Conference on Machine Learning},
	Citeulike-Article-Id = {3398332},
	Date-Added = {2012-07-04 22:21:51 +0000},
	Date-Modified = {2012-07-04 22:21:51 +0000},
	Keywords = {2007, conference, multilabel},
	Pages = {406--417},
	Posted-At = {2008-10-12 16:05:50},
	Priority = {2},
	Title = {Random k-Labelsets: An Ensemble Method for Multilabel Classification},
	Year = {2007}}

@article{RandomForests01,
	Author = {Breiman, Leo},
	Issn = {0885-6125},
	Issue = {1},
	Journal = {Machine Learning},
	Keyword = {Computer Science},
	Pages = {5-32},
	Publisher = {Springer Netherlands},
	Title = {Random Forests},
	Volume = {45},
	Year = {2001}}

@article{RCV12004,
	Author = {Lewis, David D. and Yang, Yiming and Rose, Tony G. and Li, Fan},
	Date-Added = {2012-07-04 22:21:51 +0000},
	Date-Modified = {2012-07-04 22:21:51 +0000},
	Issn = {1532-4435},
	Journal = {Journal Machine Learning Research},
	Pages = {361--397},
	Publisher = {JMLR.org},
	Title = {{RCV1}: A New Benchmark Collection for Text Categorization Research},
	Volume = {5},
	Year = {2004}}

@conference{Riedmiller1993,
	Author = {Riedmiller, Martin and Braun, Heinrich},
	Booktitle = {International Conference on Neural Networks},
	Date-Added = {2012-07-04 22:21:51 +0000},
	Date-Modified = {2012-07-04 22:21:51 +0000},
	Journal = {IEEE International Conference on Neural Networks},
	Pages = {586-591},
	Source = {Scopus},
	Title = {{A Direct adaptive method for faster backpropagation learning: The RPROP algorithm}},
	Year = {1993}}

@inproceedings{Ripper,
	Author = {Cohen, William W.},
	Booktitle = {In Proceedings of the Twelfth International Conference on Machine Learning},
	Citeulike-Article-Id = {3157878},
	Date-Added = {2012-07-04 22:21:51 +0000},
	Date-Modified = {2012-07-04 22:21:51 +0000},
	Keywords = {pw, weka},
	Pages = {115--123},
	Posted-At = {2008-08-27 08:21:35},
	Priority = {2},
	Title = {Fast effective rule induction},
	Year = {1995}}

@manual{RLanguage,
	Address = {Vienna, Austria},
	Author = {{R Development Core Team}},
	Date-Added = {2012-07-04 22:21:51 +0000},
	Date-Modified = {2012-07-04 22:21:51 +0000},
	Organization = {R Foundation for Statistical Computing},
	Title = {R: A Language and Environment for Statistical Computing},
	Url = {http://www.R-project.org},
	Year = {2008},
	Bdsk-Url-1 = {http://www.R-project.org}}

@inproceedings{RobertoAlves2007,
	Author = {Roberto Teixeira Alves and F. Camargo and DELGADO Myriam R and FREITAS Alex A and E. M. Benelli},
	Date-Added = {2012-07-04 22:21:51 +0000},
	Date-Modified = {2012-07-04 22:21:51 +0000},
	Note = {In Conjunction with SBBD 2007},
	Pages = {87-90},
	Timestamp = {2008.09.18},
	Title = {Discovering Multi-Label Hierarchical Classification Rules for Protein Function Prediction},
	Year = {2007}}

@book{RocAnalysis75,
	Author = {Egan, James P.},
	Catalogue-Url = {http://nla.gov.au/nla.cat-vn311427},
	Date-Added = {2012-07-04 22:21:51 +0000},
	Date-Modified = {2012-07-04 22:21:51 +0000},
	Isbn = {0122328507},
	Language = {English},
	Life-Dates = {1975 -},
	Pages = {xx, 277 p.},
	Publisher = {Academic Press, New York},
	Subjects = {Signal detection (Psychology); Decision-making.; Psychometrics.; Psychophysics.; Sensation.},
	Title = {Signal detection theory and ROC-analysis},
	Type = {Book},
	Year = {1975}}

@article{Rosenblatt1958,
	Author = {Frank Rosenblatt},
	Date-Added = {2012-07-04 22:21:51 +0000},
	Date-Modified = {2012-07-04 22:21:51 +0000},
	Journal = {Psychological Review},
	Month = {November},
	Number = {6},
	Pages = {386--408},
	Priority = {2},
	Title = {{The perceptron: a probabilistic model for information storage and organization in the brain}},
	Volume = {65},
	Year = {1958}}

@book{Rosenblatt1962,
	Author = {Frank Rosenblatt},
	Date-Added = {2012-07-04 22:21:51 +0000},
	Date-Modified = {2012-07-04 22:21:51 +0000},
	Publisher = {Spartan Book},
	Title = {{Principles of Neurodynamics}},
	Year = {1962}}

@mastersthesis{Rossi2009,
	Date-Added = {2012-07-04 22:21:51 +0000},
	Date-Modified = {2012-07-04 22:21:51 +0000},
	Owner = {cerri},
	Timestamp = {2011.02.18},
	Year = {2009}}

@article{Rousu2006,
	Address = {Cambridge, MA, USA},
	Author = {Juho Rousu and Craig Saunders and Sandor Szedmak and John Shawe-Taylor},
	Date-Added = {2012-07-04 22:21:51 +0000},
	Date-Modified = {2012-07-04 22:21:51 +0000},
	Issn = {1533-7928},
	Journal = {Journal of Machine Learning Research},
	Pages = {1601--1626},
	Publisher = {MIT Press},
	Title = {Kernel-Based Learning of Hierarchical Multilabel Classification Models},
	Volume = {7},
	Year = {2006}}

@book{Rumelhart1986,
	Address = {Cambridge, MA},
	Author = {David E. Rumelhart and James L. McClelland},
	Date-Added = {2012-07-04 22:21:51 +0000},
	Date-Modified = {2012-07-04 22:21:51 +0000},
	Editor = {Rumelhart, David E. and McClelland, James L.},
	Isbn = {0-262-68053-X},
	Publisher = {MIT Press},
	Title = {Parallel distributed processing: explorations in the microstructure of cognition},
	Volume = {1},
	Year = {1986}}

@article{RWeka,
	Author = {Kurt Hornik and Christian Buchta and Achim Zeileis},
	Date-Added = {2012-07-04 22:21:51 +0000},
	Date-Modified = {2012-07-04 22:21:51 +0000},
	Journal = {Computational Statistics},
	Number = {2},
	Pages = {225--232},
	Title = {Open-Source Machine Learning: {R} Meets {Weka}},
	Volume = {24},
	Year = {2009}}

@inproceedings{Sapozhnikova2009,
	Acmid = {1617437},
	Address = {Berlin, Heidelberg},
	Author = {Sapozhnikova, Elena P.},
	Booktitle = {Proceedings of the 8th International Symposium on Intelligent Data Analysis: Advances in Intelligent Data Analysis VIII},
	Date-Added = {2012-07-04 22:21:51 +0000},
	Date-Modified = {2012-07-04 22:21:51 +0000},
	Doi = {http://dx.doi.org/10.1007/978-3-642-03915-7_15},
	Isbn = {978-3-642-03914-0},
	Location = {Lyon, France},
	Numpages = {11},
	Pages = {167--177},
	Publisher = {Springer-Verlag},
	Series = {IDA '09},
	Title = {ART-Based Neural Networks for Multi-label Classification},
	Url = {http://dx.doi.org/10.1007/978-3-642-03915-7_15},
	Year = {2009},
	Bdsk-Url-1 = {http://dx.doi.org/10.1007/978-3-642-03915-7_15}}

@incollection{Sastry2005,
	Author = {Kumara Sastry and David Goldberg and Graham Kendall},
	Booktitle = {Search Methodologies: Introductory Tutorials in Optimization and Decision Support Methodologies},
	Chapter = {4},
	Date-Added = {2012-07-04 22:21:51 +0000},
	Date-Modified = {2012-07-04 22:21:51 +0000},
	Editor = {E. K. Burke and G. Kendall},
	Owner = {cerri},
	Pages = {97-125},
	Publisher = {Springer},
	Timestamp = {2011.02.01},
	Title = {Genetic Algorithms},
	Year = {2005}}

@inproceedings{Schapire00boostexter,
	Address = {Hingham, MA, USA},
	Author = {Robert E. Schapire and Yoram Singer},
	Booktitle = {Machine Learning},
	Date-Added = {2012-07-04 22:21:51 +0000},
	Date-Modified = {2012-07-04 22:21:51 +0000},
	Pages = {135--168},
	Publisher = {Kluwer Academic Publishers},
	Title = {BoosTexter: a boosting-based system for text categorization},
	Volume = {39},
	Year = {2000}}

@inproceedings{Schapire99,
	Address = {Hingham, MA, USA},
	Author = {Robert E. Schapire and Yoram Singer},
	Booktitle = {Machine Learning},
	Issn = {0885-6125},
	Journal = {Machine Learning},
	Number = {3},
	Pages = {297--336},
	Publisher = {Kluwer Academic Publishers},
	Title = {Improved Boosting Algorithms Using Confidence-rated Predictions},
	Volume = {37},
	Year = {1999}}

@article{Schietgat2010,
	Author = {Schietgat, Leander and Vens, Celine and Struyf, Jan and Blockeel, Hendrik and Kocev, Dragi and Dzeroski, Saso},
	Date-Added = {2012-07-04 22:21:51 +0000},
	Date-Modified = {2012-07-04 22:21:51 +0000},
	Journal = {BMC Bioinformatics},
	Pages = {2},
	Title = {Predicting gene function using hierarchical multi-label decision tree ensembles},
	Volume = {11},
	Year = {2010}}

@article{Sebastiani2002,
	Address = {New York, NY, USA},
	Author = {Sebastiani, Fabrizio},
	Date-Added = {2012-07-04 22:21:51 +0000},
	Date-Modified = {2012-07-04 22:21:51 +0000},
	Issn = {0360-0300},
	Journal = {ACM Computing Surveys},
	Number = {1},
	Pages = {1--47},
	Publisher = {ACM},
	Title = {Machine learning in automated text categorization},
	Volume = {34},
	Year = {2002}}

@article{SFAltschul09011997,
	Author = {Altschul, SF and Madden, TL and Schaffer, AA and Zhang, J and Zhang, Z and Miller, W and Lipman, DJ},
	Date-Added = {2012-07-04 22:21:51 +0000},
	Date-Modified = {2012-07-04 22:21:51 +0000},
	Doi = {10.1093/nar/25.17.3389},
	Eprint = {http://nar.oxfordjournals.org/cgi/reprint/25/17/3389.pdf},
	Journal = {Nucl. Acids Res.},
	Number = {17},
	Pages = {3389-3402},
	Title = {{Gapped BLAST and PSI-BLAST: a new generation of protein database search programs}},
	Volume = {25},
	Year = {1997},
	Bdsk-Url-1 = {http://dx.doi.org/10.1093/nar/25.17.3389}}

@conference{Shen2004,
	Author = {Shen, X. and Boutell, M. and Luo, J. and Brown, C.},
	Date-Added = {2012-07-04 22:21:51 +0000},
	Date-Modified = {2012-07-04 22:21:51 +0000},
	Journal = {Proceedings of SPIE - The International Society for Optical Engineering},
	Pages = {188-199},
	Title = {Multi-label machine learning and its application to semantic scene classification},
	Volume = {5307},
	Year = {2004}}

@inproceedings{Shenghuo2005,
	Address = {New York, NY, USA},
	Author = {Shenghuo Zhu and Xiang Ji and Wei Xu and Yihong Gong},
	Booktitle = {SIGIR '05: Proceedings of the 28th annual international ACM SIGIR conference on Research and development in information retrieval},
	Date-Added = {2012-07-04 22:21:51 +0000},
	Date-Modified = {2012-07-04 22:21:51 +0000},
	Doi = {http://doi.acm.org/10.1145/1076034.1076082},
	Isbn = {1-59593-034-5},
	Location = {Salvador, Brazil},
	Pages = {274--281},
	Publisher = {ACM},
	Title = {Multi-labelled classification using maximum entropy method},
	Year = {2005},
	Bdsk-Url-1 = {http://doi.acm.org/10.1145/1076034.1076082}}

@article{Silla2010,
	Author = {Silla, Carlos and Freitas, Alex},
	Date-Added = {2012-07-04 22:21:51 +0000},
	Date-Modified = {2012-07-04 22:21:51 +0000},
	Issn = {1384-5810},
	Issue = {1},
	Journal = {Data Mining and Knowledge Discovery},
	Keyword = {Computer Science},
	Pages = {31-72},
	Publisher = {Springer Netherlands},
	Title = {A survey of hierarchical classification across different application domains},
	Volume = {22},
	Year = {2010}}

@incollection{Socha2004,
	Author = {Krzysztof Socha},
	Booktitle = {Ant Colony, Optimization and Swarm Intelligence},
	Date-Added = {2012-07-04 22:21:51 +0000},
	Date-Modified = {2012-07-04 22:21:51 +0000},
	Pages = {53-61},
	Publisher = {Springer Berlin / Heidelberg},
	Series = {Lecture Notes in Computer Science},
	Title = {{ACO for Continuous and Mixed-Variable Optimization}},
	Volume = {3172},
	Year = {2004}}

@article{Socha2008,
	Author = {Krzysztof Socha and Marco Dorigo},
	Date-Added = {2012-07-04 22:21:51 +0000},
	Date-Modified = {2012-07-04 22:21:51 +0000},
	Journal = {European Journal of Operational Research},
	Month = {March},
	Number = {3},
	Pages = {1155-1173},
	Title = {{Ant colony optimization for continuous domains}},
	Volume = {185},
	Year = {2008}}

@inproceedings{Spears1991,
	Address = {San Mateo, CA},
	Author = {Spears, W. and {Jong}, {de K.}},
	Booktitle = {Proceedings of the Fourth International Conference on Genetic Algorithms},
	Date-Added = {2012-07-04 22:21:51 +0000},
	Date-Modified = {2012-07-04 22:21:51 +0000},
	Editor = {Belew, Rick and Booker, Lashon},
	Pages = {230--236},
	Publisher = {Morgan Kaufman},
	Title = {{On the virtues of parameterized uniform crossover}},
	Year = {1991}}

@incollection{Spears1997,
	Address = {Philadelphia, PA},
	Author = {Spears, W},
	Booktitle = {The Handbook of Evolutionary Computation},
	Chapter = {E1.3},
	Date-Added = {2012-07-04 22:21:51 +0000},
	Date-Modified = {2012-07-04 22:21:51 +0000},
	Editor = {B{\"a}ck, T. and Fogel, D. B. and Michalewicz, Z.},
	Owner = {cerri},
	Pages = {E1.3:1-E1.3:13},
	Publisher = {IOP Publishing and Oxford University Press},
	Timestamp = {2011.02.01},
	Title = {Recombination parameters},
	Year = {1997}}

@article{spellman98,
	Author = {Spellman, P. T. and Sherlock, G. and Zhang, M. Q. and Iyer, V. R. and Anders, K. and Eisen, M. B. and Brown, P. O. and Botstein, D. and Futcher, B.},
	Date-Added = {2012-07-04 22:21:51 +0000},
	Date-Modified = {2012-07-04 22:21:51 +0000},
	Journal = {Mol Biol Cell},
	Keywords = {9843569, acid, b, base, bibtex-import, binding, cell, cerevisiae, cycle, cyclin, cyclins, dna, expression, family, fungal, gene, genes, genetic, govt, hybridization, messenger, multigene, non-phs, non-us, nucleic, phs, primers, proteins, regulation, repair, replication, research, rna, saccharomyces, sequence, sites, support, transcription, us},
	Month = {Dec},
	Number = {12},
	Pages = {3273--97},
	Posted-At = {2006-11-27 15:02:31},
	Priority = {0},
	Title = {Comprehensive identification of cell cycle-regulated genes of the yeast {S}accharomyces cerevisiae by microarray hybridization.},
	Url = {http://www.molbiolcell.org/cgi/content/full/9/12/3273},
	Volume = {9},
	Year = {1998},
	Bdsk-Url-1 = {http://www.molbiolcell.org/cgi/content/full/9/12/3273}}

@inproceedings{Struyf05,
	Author = {Jan Struyf and Hendrik Blockeel and A Clare},
	Booktitle = {Workshop on Computational Methods in Bioinformatics},
	Date-Added = {2012-07-04 22:21:51 +0000},
	Date-Modified = {2012-07-04 22:21:51 +0000},
	Pages = {272-283},
	Publisher = {Springer},
	Series = {LNAI},
	Title = {Hierarchical multi-classification with predictive clustering trees in functional genomics},
	Volume = {3808},
	Year = {2005}}

@inproceedings{Sun2001,
	Author = {Aixin Sun and Ee-Peng Lim},
	Booktitle = {Fourth IEEE International Conference on Data Mining},
	Date-Added = {2012-07-04 22:21:51 +0000},
	Date-Modified = {2012-07-04 22:21:51 +0000},
	Pages = {521-528},
	Title = {Hierarchical Text Classification and Evaluation},
	Year = {2001}}

@inproceedings{Svetlana2004,
	Author = {Svetlana Kiritchenko and Stan Matwin and A. Fazel Famili},
	Booktitle = {European Workshop on Data Mining and Text Mining in Bioinformatics},
	Date-Added = {2012-07-04 22:21:51 +0000},
	Date-Modified = {2012-07-04 22:21:51 +0000},
	Pages = {30-34},
	Title = {Hierarchical Text Categorization as a Tool of Associating Genes with Gene Ontology Codes},
	Year = {2004}}

@inproceedings{Sywerda1989,
	Acmid = {93133},
	Address = {San Francisco, CA, USA},
	Author = {Sywerda, Gilbert},
	Booktitle = {Proceedings of the third international conference on Genetic algorithms},
	Date-Added = {2012-07-04 22:21:51 +0000},
	Date-Modified = {2012-07-04 22:21:51 +0000},
	Isbn = {1-55860-006-3},
	Location = {George Mason University, United States},
	Numpages = {8},
	Pages = {2--9},
	Publisher = {Morgan Kaufmann Publishers Inc.},
	Title = {Uniform crossover in genetic algorithms},
	Url = {http://portal.acm.org/citation.cfm?id=93126.93133},
	Year = {1989},
	Bdsk-Url-1 = {http://portal.acm.org/citation.cfm?id=93126.93133}}

@book{TamDataMining,
	Address = {Boston, MA, USA},
	Author = {Tan, Pang-Ning and Steinbach, Michael and Kumar, Vipin},
	Date-Added = {2012-07-04 22:21:51 +0000},
	Date-Modified = {2012-07-04 22:21:51 +0000},
	Edition = {1},
	Isbn = {0321321367},
	Month = {Maio},
	Publisher = {Addison-Wesley Longman Publishing Co., Inc.},
	Title = {Introduction to Data Mining, (First Edition)},
	Year = {2005}}

@article{Tan1995,
	Acmid = {206059},
	Address = {Oxford, UK, UK},
	Author = {Tan, Ah-Hwee},
	Date-Added = {2012-07-04 22:21:51 +0000},
	Date-Modified = {2012-07-04 22:21:51 +0000},
	Doi = {10.1016/0893-6080(94)00092-Z},
	Issn = {0893-6080},
	Issue = {3},
	Journal = {Neural Netw.},
	Keywords = {associative memory, heteroassociative recall, neural network architecture, self-organization, supervised learning},
	Month = {May},
	Numpages = {10},
	Pages = {437--446},
	Publisher = {Elsevier Science Ltd.},
	Title = {Adaptive resonance associative map},
	Url = {http://portal.acm.org/citation.cfm?id=206030.206059},
	Volume = {8},
	Year = {1995},
	Bdsk-Url-1 = {http://portal.acm.org/citation.cfm?id=206030.206059},
	Bdsk-Url-2 = {http://dx.doi.org/10.1016/0893-6080(94)00092-Z}}

@inproceedings{TaskarGK03,
	Author = {Benjamin Taskar and Carlos Guestrin and Daphne Koller},
	Booktitle = {Advances in Neural Information Processing Systems 16},
	Date-Added = {2012-07-04 22:21:51 +0000},
	Date-Modified = {2012-07-04 22:21:51 +0000},
	Editor = {Sebastian Thrun and Lawrence K. Saul and Bernhard Sch{\"o}lkopf},
	Pages = {25-32},
	Publisher = {MIT Press},
	Title = {Max-Margin Markov Networks},
	Year = {2003}}

@inproceedings{Toutanova2001,
	Address = {New York, NY, USA},
	Author = {Toutanova, Kristina and Chen, Francine and Popat, Kris and Hofmann, Thomas},
	Booktitle = {CIKM '01: Proceedings of the tenth international conference on Information and knowledge management},
	Date-Added = {2012-07-04 22:21:51 +0000},
	Date-Modified = {2012-07-04 22:21:51 +0000},
	Doi = {http://doi.acm.org/10.1145/502585.502604},
	Isbn = {1-58113-436-3},
	Location = {Atlanta, Georgia, USA},
	Pages = {105--113},
	Publisher = {ACM},
	Title = {Text classification in a hierarchical mixture model for small training sets},
	Year = {2001},
	Bdsk-Url-1 = {http://doi.acm.org/10.1145/502585.502604}}

@book{Trappenberg2002,
	Author = {Thomas P. Trappenberg},
	Date-Added = {2012-07-04 22:21:51 +0000},
	Date-Modified = {2012-07-04 22:21:51 +0000},
	Publisher = {Oxfort U. Press},
	Title = {{Fundamentals of Computational Neuroscience}},
	Year = {2002}}

@article{Tsochantaridis,
	Author = {Tsochantaridis, Ioannis and Joachims, Thorsten and Hofmann, Thomas and Altun, Yasemin},
	Date-Added = {2012-07-04 22:21:51 +0000},
	Date-Modified = {2012-07-04 22:21:51 +0000},
	Issn = {1532-4435},
	Journal = {Journal of Machine Learning Research},
	Pages = {1453-1484},
	Publisher = {JMLR.org},
	Title = {Large Margin Methods for Structured and Interdependent Output Variables},
	Volume = {6},
	Year = {2005}}

@article{Tsoumakas2007,
	Abstract = {Nowadays, multi-label classification methods are increasingly required
	by modern applications, such as protein function classification,
	music categorization and semantic scene classification. This paper
	introduces the task of multi-label classification, organizes the
	sparse related literature into a structured presentation and performs
	comparative experimental results of certain multi-label classification
	methods. It also contributes the definition of concepts for the quantification
	of the multi-label nature of a data set.},
	Author = {Tsoumakas, G. and Katakis, I.},
	Citeulike-Article-Id = {2820175},
	Date-Added = {2012-07-04 22:21:51 +0000},
	Date-Modified = {2012-07-04 22:21:51 +0000},
	Editor = {Taniar, David},
	Journal = {International Journal of Data Warehousing and Mining},
	Keywords = {multilabel},
	Number = {3},
	Pages = {1--13},
	Posted-At = {2008-05-21 15:15:58},
	Priority = {2},
	Title = {Multi Label Classification: An Overview},
	Volume = {3},
	Year = {2007}}

@incollection{Tsoumakas2010,
	Author = {Grigorios Tsoumakas and Ioannis Katakis and Ioannis P. Vlahavas},
	Booktitle = {Data Mining and Knowledge Discovery Handbook},
	Date-Added = {2012-07-04 22:21:51 +0000},
	Date-Modified = {2012-07-04 22:21:51 +0000},
	Edition = {2},
	Pages = {667-685},
	Publisher = {Springer},
	Title = {Mining Multi-label Data},
	Year = {2010}}

@inproceedings{Valentini2009,
	Author = {Valentini, Giorgio},
	Booktitle = {International Workshop on Multiple Classifier Systems},
	Date-Added = {2012-07-04 22:21:51 +0000},
	Date-Modified = {2012-07-04 22:21:51 +0000},
	Isbn = {978-3-642-02325-5},
	Location = {Reykjavik, Iceland},
	Pages = {232-241},
	Title = {True Path Rule Hierarchical Ensembles},
	Year = {2009}}

@inproceedings{ValentiniRe2009,
	Author = {G. Valentini and M. Re},
	Booktitle = {1st Workshop on Learning from Multi-Label Data (MLD) held in conjunction with ECML/PKDD},
	Date-Added = {2012-07-04 22:21:51 +0000},
	Date-Modified = {2012-07-04 22:21:51 +0000},
	Owner = {cerri},
	Pages = {132-145},
	Timestamp = {2011.01.15},
	Title = {Weighted true path rule: a multilabel hierarchical algorithm for gene function prediction},
	Year = {2009}}

@incollection{Varela1988,
	Address = {New Jersey},
	Author = {Varela, F. J. and Dupire, B. and Coutinho, A.},
	Booktitle = {Theoretical Immunology},
	Date-Added = {2012-07-04 22:21:51 +0000},
	Date-Modified = {2012-07-04 22:21:51 +0000},
	Editor = {Perelson, A.},
	Owner = {cerri},
	Pages = {359-375},
	Publisher = {Addison Wesley},
	Timestamp = {2011.03.01},
	Title = {Cognitive networks: Immune, neural and otherwise},
	Volume = {2 of SFI Series on Complexity},
	Year = {1988}}

@article{Vens2008,
	Address = {Hingham, MA, USA},
	Author = {Vens, Celine and Struyf, Jan and Schietgat, Leander and D\v{z}eroski, Sa\v{s}o and Blockeel, Hendrik},
	Citeulike-Article-Id = {3088490},
	Date-Added = {2012-07-04 22:21:51 +0000},
	Date-Modified = {2012-07-04 22:21:51 +0000},
	Issn = {0885-6125},
	Journal = {Machine Learning},
	Pages = {185--214},
	Posted-At = {2008-08-20 11:30:12},
	Priority = {2},
	Publisher = {Kluwer Academic Publishers},
	Title = {Decision trees for hierarchical multi-label classification},
	Volume = {73},
	Year = {2008}}

@article{Verspoor2006,
	Author = {Verspoor, K. and Cohn, J. and Mniszewski, S. and Joslyn, C.},
	Date-Added = {2012-07-04 22:21:51 +0000},
	Date-Modified = {2012-07-04 22:21:51 +0000},
	Journal = {Protein Science},
	Number = {6},
	Pages = {1544-1549},
	Title = {A categorization approach to automated ontological function annotation},
	Volume = {15},
	Year = {2006}}

@article{Wang09,
	Author = {Wang, Junhui and Shen, Xiaotong and Pan, Wei},
	Date-Added = {2012-07-04 22:21:51 +0000},
	Date-Modified = {2012-07-04 22:21:51 +0000},
	Doi = {10.1198/jasa.2009.tm08084},
	Journal = {Journal of the American Statistical Association},
	Number = {487},
	Pages = {1213-1223},
	Title = {On Large Margin Hierarchical Classification With Multiple Paths},
	Volume = {104},
	Year = {2009},
	Bdsk-Url-1 = {http://dx.doi.org/10.1198/jasa.2009.tm08084}}

@inproceedings{Wang99buildinghierarchical,
	Author = {Ke Wang and Senqiang Zhou and Shiang Chen Liew},
	Booktitle = {In Proceedings of the 25th VLDB Conference},
	Date-Added = {2012-07-04 22:21:51 +0000},
	Date-Modified = {2012-07-04 22:21:51 +0000},
	Pages = {363--374},
	Publisher = {Morgan Kaufmann Publishers},
	Title = {Building hierarchical classifiers using class proximity},
	Year = {1999}}

@inproceedings{Wang2001,
	Author = {Ke Wang and Ke Wang Senqiang},
	Booktitle = {In Proceedings of the 1st SIAM International Conference on Data Mining},
	Date-Added = {2012-07-04 22:21:51 +0000},
	Date-Modified = {2012-07-04 22:21:51 +0000},
	Title = {Hierarchical Classification of Real Life Documents},
	Year = {2001}}

@article{Weka,
	Address = {New York, NY, USA},
	Author = {Hall, Mark and Frank, Eibe and Holmes, Geoffrey and Pfahringer, Bernhard and Reutemann, Peter and Witten, Ian H.},
	Issn = {1931-0145},
	Journal = {SIGKDD Explor. Newsl.},
	Number = {1},
	Pages = {10--18},
	Publisher = {ACM},
	Title = {{The WEKA data mining software: an update}},
	Volume = {11},
	Year = {2009}}

@inproceedings{White1998,
	Acmid = {852264},
	Address = {Washington, DC, USA},
	Author = {White, T. and Pagurek, B.},
	Booktitle = {Proceedings of the 3rd International Conference on Multi Agent Systems},
	Date-Added = {2012-07-04 22:21:51 +0000},
	Date-Modified = {2012-07-04 22:21:51 +0000},
	Isbn = {0-8186-8500-X},
	Pages = {333-340},
	Publisher = {IEEE Computer Society},
	Series = {ICMAS '98},
	Title = {Towards Multi-Swarm Problem Solving in Networks},
	Year = {1998}}

@misc{WIPO,
	Author = {WIPO},
	Date-Added = {2012-07-04 22:21:51 +0000},
	Date-Modified = {2012-07-04 22:21:51 +0000},
	Note = {http://www.wipo.int/portal/index.html.en},
	Title = {World {I}ntellectual {P}roperty {O}rganization},
	Year = {2001}}

@book{Witten2005,
	Author = {Witten, Ian H. and Frank, Eibe},
	Date-Added = {2012-07-04 22:21:51 +0000},
	Date-Modified = {2012-07-04 22:21:51 +0000},
	Edition = {2},
	Keywords = {ML,MLbook},
	Publisher = {Morgan Kaufmann},
	Title = {Data Mining: Practical Machine Learning Tools and Techniques},
	Year = {2005}}

@article{Woolam2008,
	Author = {Clay Woolam and Latifur Khan},
	Date-Added = {2012-07-04 22:21:51 +0000},
	Date-Modified = {2012-07-04 22:21:51 +0000},
	Journal = {International Journal of Data Mining, Modelling and Management},
	Pages = {5-22},
	Title = {Multi-label large margin hierarchical perceptron},
	Volume = {1},
	Year = {2008}}

@article{yang99,
	Author = {Yang, Yiming},
	Date-Added = {2012-07-04 22:21:51 +0000},
	Date-Modified = {2012-07-04 22:21:51 +0000},
	Journal = {Information Retrieval},
	Number = {1/2},
	Pages = {69-90},
	Publisher = {Kluwer Academic Publishers},
	Title = {An Evaluation of Statistical Approaches to Text Categorization},
	Volume = {1},
	Year = {1999}}

@inproceedings{Zhang2005,
	Author = {Zhang, Min-Ling and Zhou, Zhi-Hua},
	Citeulike-Article-Id = {1164920},
	Date-Added = {2012-07-04 22:21:51 +0000},
	Date-Modified = {2012-07-04 22:21:51 +0000},
	Journal = {IEEE International Conference on Granular Computing},
	Keywords = {classification, knn, text\_mining},
	Organization = {The IEEE Computational Intelligence Society},
	Pages = {718--721 Vol. 2},
	Posted-At = {2008-01-10 17:16:49},
	Priority = {4},
	Title = {A k-Nearest Neighbor Based Algorithm for Multi-label Classification},
	Url = {http://ieeexplore.ieee.org/xpls/abs\_all.jsp?arnumber=1547385},
	Volume = {2},
	Year = {2005},
	Bdsk-Url-1 = {http://ieeexplore.ieee.org/xpls/abs%5C_all.jsp?arnumber=1547385}}

@article{Zhang2006,
	Address = {Piscataway, NJ, USA},
	Author = {Zhang, Min-Ling and Zhou, Zhi-Hua},
	Date-Added = {2012-07-04 22:21:51 +0000},
	Date-Modified = {2012-07-04 22:21:51 +0000},
	Issn = {1041-4347},
	Issue = {10},
	Journal = {IEEE Transactions on Knowledge and Data Engineering},
	Pages = {1338--1351},
	Publisher = {IEEE Educational Activities Department},
	Title = {Multilabel Neural Networks with Applications to Functional Genomics and Text Categorization},
	Volume = {18},
	Year = {2006}}

@article{Zhang2007,
	Acmid = {1234635},
	Address = {New York, NY, USA},
	Author = {Zhang, Min-Ling and Zhou, Zhi-Hua},
	Date-Added = {2012-07-04 22:21:51 +0000},
	Date-Modified = {2012-07-04 22:21:51 +0000},
	Doi = {10.1016/j.patcog.2006.12.019},
	Issn = {0031-3203},
	Issue = {7},
	Journal = {Pattern Recognition},
	Keywords = {Functional genomics, K-nearest neighbor, KNN, K-nearest neighbor, Lazy learning, MAP, maximum a posteriori, ML-KNN, multi-label K-nearest neighbor, Machine learning, Multi-label learning, Natural scene classification, PMM, parametric mixture model, Text categorization},
	Month = {July},
	Numpages = {11},
	Pages = {2038--2048},
	Publisher = {Elsevier Science Inc.},
	Title = {ML-KNN: A lazy learning approach to multi-label learning},
	Url = {http://portal.acm.org/citation.cfm?id=1234417.1234635},
	Volume = {40},
	Year = {2007},
	Bdsk-Url-1 = {http://portal.acm.org/citation.cfm?id=1234417.1234635},
	Bdsk-Url-2 = {http://dx.doi.org/10.1016/j.patcog.2006.12.019}}

@article{Sokolova2009,
	Author = {Sokolova, M. and Lapalme, G.},
	Journal = {Information Processing and Management},
	Number = {4},
	Pages = {427-437},
	Title = {A systematic analysis of performance measures for classification tasks},
	Volume = {45},
	Year = {2009}}

@inproceedings{Sangsuriyun2010,
	Author = {Sangsuriyun, S. and Marukatat, S. and Waiyamai, K.},
	Booktitle = {International Conference on Cognitive Informatics},
	Month = {july},
	Pages = {919--924},
	Publisher = {IEEE},
	Title = {{Hierarchical Multi-label Associative Classification (HMAC) using negative rules}},
	Year = {2010}}

@article{Dimitrovski2011,
	Address = {New York, NY, USA},
	Author = {Dimitrovski, Ivica and Kocev, Dragi and Loskovska, Suzana and Deroski, Sa\v{s}o},
	Issn = {0031-3203},
	Issue = {10-11},
	Issue_Date = {October, 2011},
	Journal = {Pattern Recognition},
	Month = {October},
	Numpages = {14},
	Pages = {2436--2449},
	Publisher = {Elsevier Science Inc.},
	Title = {Hierarchical annotation of medical images},
	Volume = {44},
	Year = {2011}}

@inproceedings{Dimitrovski2010,
	Address = {Berlin, Heidelberg},
	Author = {Dimitrovski, Ivica and Kocev, Dragi and Loskovska, Suzana and D\v{z}eroski, Sa\v{s}o},
	Booktitle = {International Conference on Recognizing Patterns in Signals, Speech, Images, and Videos},
	Location = {Istanbul, Turkey},
	Numpages = {10},
	Pages = {152--161},
	Publisher = {Springer-Verlag},
	Series = {ICPR'10},
	Title = {{Detection of visual concepts and annotation of images using ensembles of trees for hierarchical multi-label classification}},
	Year = {2010}}

@article{Tsochantaridis2005,
	Author = {Tsochantaridis, Ioannis and Joachims, Thorsten and Hofmann, Thomas and Altun, Yasemin},
	Issn = {1532-4435},
	Journal = {Journal of Machine Learning Research},
	Pages = {1453-1484},
	Publisher = {JMLR.org},
	Title = {{Large Margin Methods for Structured and Interdependent Output Variables}},
	Volume = {6},
	Year = {2005}}

@article{Re2010b,
	Author = {Matteo Re and Giorgio Valentini},
	Journal = {Journal of Machine Learning Research},
	Pages = {98-111},
	Title = {Simple ensemble methods are competitive with state-of-the-art data integration methods for gene function prediction},
	Volume = {8},
	Year = {2010}}

@article{Cesa-Bianchi2011,
	Author = {N. Cesa-Bianchi and M. Re and G. Valentini},
	Issn = {0885-6125},
	Journal = {Machine Learning},
	Keyword = {Computer Science},
	Pages = {1-33},
	Publisher = {Springer Netherlands},
	Title = {Synergy of multi-label hierarchical ensembles, data fusion, and cost-sensitive methods for gene functional inference},
	Year = {2011}}

@article{Diez2010,
	Address = {New York, NY, USA},
	Author = {D\'{\i}ez, J. and del Coz, J. J. and Bahamonde, A.},
	Issn = {0031-3203},
	Issue = {11},
	Journal = {Pattern Recognition},
	Month = {November},
	Numpages = {10},
	Pages = {3795--3804},
	Publisher = {Elsevier Science Inc.},
	Title = {{A semi-dependent decomposition approach to learn hierarchical classifiers}},
	Volume = {43},
	Year = {2010}}

@inproceedings{Chen2010,
	Author = {Benhui Chen and Jinglu Hu},
	Booktitle = {International Conference on Intelligent Systems Design and Applications},
	Pages = {231-236},
	Publisher = {IEEE},
	Title = {{Hierarchical Multi-label Classification incorporating prior information for gene function prediction}},
	Year = {2010}}

@inproceedings{Re2010,
	Author = {Matteo Re and Giorgio Valentini},
	Booktitle = {International Workshop on Multiple Classifier Systems},
	Editor = {Neamat El Gayar and Josef Kittler and Fabio Roli},
	Pages = {294-303},
	Publisher = {Springer},
	Series = {Lecture Notes in Computer Science},
	Title = {{An Experimental Comparison of Hierarchical Bayes and True Path Rule Ensembles for Protein Function Prediction}},
	Volume = {5997},
	Year = {2010}}

@article{Platt1999,
	Address = {USA},
	Author = {Platt, J C},
	Journal = {Advances in Kernel Methods Support Vector Learning},
	Pages = {61--74},
	Publisher = {Cambridge, MA: MIT Press},
	Title = {{Probabilistic Outputs for Support Vector Machines and Comparison to Regularized Likelihood Methods}},
	Year = {1999}}

@article{Chawla2002,
	Address = {USA},
	Author = {Chawla, Nitesh V. and Bowyer, Kevin W. and Hall, Lawrence O. and Kegelmeyer, W. Philip},
	Issn = {1076-9757},
	Issue = {1},
	Journal = {Journal of Artificial Intelligence Research},
	Numpages = {37},
	Pages = {321--357},
	Publisher = {AI Access Foundation},
	Title = {{SMOTE: synthetic minority over-sampling technique}},
	Volume = {16},
	Year = {2002}}

@inproceedings{Zadrozny2002,
	Address = {New York, NY, USA},
	Author = {Zadrozny, Bianca and Elkan, Charles},
	Booktitle = {International Conference on Knowledge Discovery and Data Mining},
	Location = {Edmonton, Alberta, Canada},
	Numpages = {6},
	Pages = {694--699},
	Publisher = {ACM},
	Series = {KDD '02},
	Title = {{Transforming classifier scores into accurate multiclass probability estimates}},
	Year = {2002}}

@inproceedings{Punera2009,
	Address = {Washington, DC, USA},
	Author = {Punera, Kunal and Rajan, Suju},
	Booktitle = {International Conference on Data Mining Workshops},
	Numpages = {6},
	Pages = {388--393},
	Publisher = {IEEE Computer Society},
	Series = {ICDMW '09},
	Title = {{Improved Multi Label Classification in Hierarchical Taxonomies}},
	Year = {2009}}

@article{Hastings1970,
	Author = {Hastings, W. K.},
	Doi = {10.1093/biomet/57.1.97},
	Journal = {Biometrika},
	Number = {1},
	Pages = {97-109},
	Title = {{Monte Carlo sampling methods using Markov chains and their applications}},
	Volume = {57},
	Year = {1970},
	Bdsk-Url-1 = {http://dx.doi.org/10.1093/biomet/57.1.97}}

@article{Cesa-Bianchi2010,
	Author = {Cesa-Bianchi, N and Valentini, G},
	Journal = {Journal of Machine Learning Research},
	Owner = {cerri},
	Pages = {14-29},
	Timestamp = {2011.01.14},
	Title = {{Hierarchical cost-sensitive algorithms for genome-wide gene function prediction}},
	Volume = {8},
	Year = {2010}}

@inproceedings{Brucker2011,
	Acmid = {2041338},
	Address = {Berlin, Heidelberg},
	Author = {Brucker, Florian and Benites, Fernando and Sapozhnikova, Elena},
	Booktitle = {Proceedings of the 15th international conference on Knowledge-based and intelligent information and engineering systems - Volume Part I},
	Isbn = {978-3-642-23850-5},
	Location = {Kaiserslautern, Germany},
	Numpages = {11},
	Pages = {579--589},
	Publisher = {Springer-Verlag},
	Series = {KES'11},
	Title = {An empirical comparison of flat and hierarchical performance measures for multi-label classification with hierarchy extraction},
	Year = {2011}}

@article{Ceci2007,
	Affiliation = {Universita degli Studi di Bari Dipartimento di Informatica 70126 Bari Italy 70126 Bari Italy},
	Author = {Ceci, Michelangelo and Malerba, Donato},
	Issn = {0925-9902},
	Issue = {1},
	Journal = {Journal of Intelligent Information Systems},
	Keyword = {Computer Science},
	Pages = {37-78},
	Publisher = {Springer Netherlands},
	Title = {Classifying web documents in a hierarchy of categories: a comprehensive study},
	Volume = {28},
	Year = {2007}}

@article{Huang2005,
	Address = {Piscataway, NJ, USA},
	Author = {Huang, Jin and Ling, Charles X.},
	Issn = {1041-4347},
	Journal = {IEEE Transactions on Knowledge and Data Engineering},
	Month = mar,
	Number = {3},
	Numpages = {12},
	Pages = {299--310},
	Publisher = {IEEE Educational Activities Department},
	Title = {Using {AUC} and Accuracy in Evaluating Learning Algorithms},
	Volume = {17},
	Year = {2005}}

@inproceedings{Blockeel2006FunctionalGenomics,
	Author = {Hendrik Blockeel and Leander Schietgat and Jan Struyf and Saso Dzeroski and Amanda Clare},
	Booktitle = {PKDD},
	Date = {2006-10-23},
	Description = {dblp},
	Isbn = {3-540-45374-1},
	Pages = {18-29},
	Publisher = {Springer},
	Series = {LNCS},
	Title = {Decision Trees for Hierarchical Multilabel Classification: A Case Study in Functional Genomics.},
	Volume = {4213},
	Year = {2006}}

@inproceedings{Pugelj2011,
	Acmid = {2050258},
	Address = {Berlin, Heidelberg},
	Author = {Pugelj, Mitja and D\v{z}eroski, Sa\v{s}o},
	Booktitle = {Proceedings of the 14th international conference on Discovery science},
	Isbn = {978-3-642-24476-6},
	Location = {Espoo, Finland},
	Numpages = {15},
	Pages = {262--276},
	Publisher = {Springer-Verlag},
	Title = {Predicting structured outputs k-nearest neighbours method},
	Year = {2011}}

@inproceedings{Bi2011,
	Address = {New York, NY, USA},
	Author = {Wei Bi and James Kwok},
	Booktitle = {International Conference on Machine Learning},
	Editor = {Lise Getoor and Tobias Scheffer},
	Isbn = {978-1-4503-0619-5},
	Location = {Bellevue, Washington, USA},
	Month = {June},
	Pages = {17--24},
	Publisher = {ACM},
	Series = {ICML'11},
	Title = {{Multi-Label Classification on Tree- and DAG-Structured Hierarchies}},
	Year = {2011}}

@inproceedings{Cerri2011c,
	Author = {Cerri, R. and Barros, R.C. and de Carvalho, A.C.P.L.F.},
	Booktitle = {Intelligent Systems Design and Applications (ISDA)},
	Issn = {2164-7143},
	Month = {nov.},
	Pages = {337 -343},
	Title = {Hierarchical multi-label classification for protein function prediction: A local approach based on neural networks},
	Year = {2011}}

@article{Clare2003b,
	Author = {A. Clare and R. D. King},
	Journal = {Bioinformatics},
	Pages = {42--49},
	Title = {Predicting gene function in Saccharomyces cerevisiae},
	Volume = {19},
	Year = {2003}}

@book{Hollander1999,
	Author = {Hollander, Myles and Wolfe, Douglas A.},
	Edition = {2},
	Howpublished = {Hardcover},
	Isbn = {0471190454},
	Month = {January},
	Publisher = {Wiley-Interscience},
	Title = {Nonparametric Statistical Methods},
	Year = {1999}}

@article{Holm1979,
	Author = {Holm, Sture},
	Journal = {Scandinavian Journal of Statistics},
	Pages = {65--70},
	Title = {A Simple Sequentially Rejective Multiple Test Procedure},
	Volume = {6},
	Year = {1979}}

@article{Spellman1998,
	Author = {Spellman, Paul T. and Sherlock, Gavin and Zhang, Michael Q. and Iyer, Vishwanath R. and Anders, Kirk and Eisen, Michael B. and Brown, Patrick O. and Botstein, David and Futcher, Bruce},
	Journal = {Molecular Biology of the Cell},
	Number = {12},
	Pages = {3273-3297},
	Title = {Comprehensive Identification of Cell Cycle-regulated Genes of the Yeast Saccharomyces cerevisiae by Microarray Hybridization},
	Volume = {9},
	Year = {1998}}

@inproceedings{Struyf2005,
	Author = {Jan Struyf and Hendrik Blockeel and A Clare},
	Booktitle = {Workshop on Computational Methods in Bioinformatics at the 12th Portuguese Conference on Artificial Intelligence},
	Pages = {272-283},
	Publisher = {Springer Berlin / Heidelberg},
	Series = {Lecture Notes in Artificial Intelligence},
	Title = {Hierarchical multi-classification with predictive clustering trees in functional genomics},
	Volume = {3808},
	Year = {2005}}

@article{Obozinski2008,
	Author = {Obozinski, G. and Lanckriet, G. and Grant, C. and Jordan, M.I. Noble, W.S.},
	Journal = {Genome Biology},
	Number = {Suppl 1},
	Pages = {S6},
	Title = {Consistent probabilistic outputs for protein function prediction},
	Volume = {9},
	Year = {2008}}

@article{Valentini2011,
	Acmid = {2000332},
	Address = {Los Alamitos, CA, USA},
	Author = {Valentini, Giorgio},
	Issn = {1545-5963},
	Issue_Date = {May 2011},
	Journal = {IEEE/ACM Transactions on Computational Biology and Bioinformatics},
	Month = may,
	Number = {3},
	Numpages = {16},
	Pages = {832--847},
	Publisher = {IEEE Computer Society Press},
	Title = {True Path Rule Hierarchical Ensembles for Genome-Wide Gene Function Prediction},
	Volume = {8},
	Year = {2011}}

@article{Valentini2008,
	Journal = {Bioinformatics},
	Number = {5},
	Pages = {729-731},
	Title = {{HCGene: a software tool to support the hierarchical classification of genes}},
	Volume = {24},
	Year = {2008}}

@inproceedings{Wang1999,
	Address = {San Francisco, CA, USA},
	Author = {Wang, Ke and Zhou, Senqiang and Liew, Shiang Chen},
	Booktitle = {Proceedings of the 25th International Conference on Very Large Data Bases},
	Isbn = {1-55860-615-7},
	Numpages = {12},
	Pages = {363--374},
	Publisher = {Morgan Kaufmann Publishers Inc.},
	Series = {VLDB '99},
	Title = {Building Hierarchical Classifiers Using Class Proximity},
	Year = {1999}}

@inproceedings{Cerri2012,
	Acmid = {2245325},
	Address = {New York, NY, USA},
	Author = {Cerri, Ricardo and Barros, Rodrigo C. and Carvalho, Andre C. P. L. F.},
	Booktitle = {Proceedings of the 27th Annual ACM Symposium on Applied Computing},
	Location = {Trento, Italy},
	Numpages = {6},
	Pages = {250--255},
	Publisher = {ACM},
	Series = {SAC '12},
	Title = {A genetic algorithm for Hierarchical Multi-Label Classification},
	Year = {2012}}

@inproceedings{Read2009,
	Acmid = {1617477},
	Address = {Berlin, Heidelberg},
	Author = {Read, Jesse and Pfahringer, Bernhard and Holmes, Geoff and Frank, Eibe},
	Booktitle = {European Conference on Machine Learning and Knowledge Discovery in Databases: Part II},
	Isbn = {978-3-642-04173-0},
	Location = {Bled, Slovenia},
	Numpages = {16},
	Pages = {254--269},
	Publisher = {Springer-Verlag},
	Series = {ECML PKDD '09},
	Title = {Classifier Chains for Multi-label Classification},
	Year = {2009}}

@inproceedings{Dembczynski2010,
	Author = {Krzysztof Dembczynski and Weiwei Cheng and Eyke H{\"u}llermeier},
	Booktitle = {ICML},
	Editor = {Johannes F{\"u}rnkranz and Thorsten Joachims},
	Pages = {279-286},
	Publisher = {Omnipress},
	Booktitle = {International Conference on Machine Learning},
	title = {Bayes Optimal Multilabel Classification via Probabilistic Classifier Chains},
	Year = {2010}}

@article{Pillai2013,
	Author = {Ignazio Pillai and Giorgio Fumera and Fabio Roli},
	Issn = {0031-3203},
	Journal = {Pattern Recognition},
	Number = {7},
	Pages = {2055 - 2065},
	Title = {Threshold optimisation for multi-label classifiers},
	Volume = {46},
	Year = {2013}}

@article{Nadzirin2012,
	Author = {Nadzirin, Nurul and Firdaus-Raih, Mohd},
	Issn = {1422-0067},
	Journal = {International Journal of Molecular Sciences},
	Number = {10},
	Pages = {12761-72},
	Pubmedid = {23202924},
	Title = {Proteins of Unknown Function in the Protein Data Bank (PDB): An Inventory of True Uncharacterized Proteins and Computational Tools for Their Analysis},
	Volume = {13},
	Year = {2012}}

@article{Konc2014,
	Author = {Janez Konc and Du\v{s}anka Jane\v{z}i\v{c}},
	Issn = {0959-440X},
	Journal = {Current Opinion in Structural Biology},
	Number = {0},
	Pages = {34 - 39},
	Title = {Binding site comparison for function prediction and pharmaceutical discovery},
	Volume = {25},
	Year = {2014}}
	
@INPROCEEDINGS{Kordmahalleh2013, 
    author={Kordmahalleh, M.M. and Homaifar, A. and Dukka, B.K.C.}, 
    booktitle={Bioinformatics and Bioengineering (BIBE), 2013 IEEE 13th International Conference on}, 
    title={Hierarchical multi-label gene function prediction using adaptive mutation in crowding niching}, 
    year={2013}, 
    month={Nov}, 
    pages={1-6}}
    
@phdthesis{Austin2002,
	Author = {Kevin J. Austin},
	School = {University of Queensland},
	Title = {Evolutionary design of robust flight control for a hypersonic aircraft},
	Year = {2002}}
	
@Article{Stojanova2013,
    AUTHOR = {Stojanova, Daniela and Ceci, Michelangelo and Malerba, Donato and Dzeroski, Saso},
    TITLE = {Using PPI network autocorrelation in hierarchical multi-label classification trees for gene function prediction},
    JOURNAL = {BMC Bioinformatics},
    VOLUME = {14},
    YEAR = {2013},
    NUMBER = {1},
    PAGES = {285}}

@ARTICLE{Bi2014, 
    author={Wei Bi and Kwok, J.T.}, 
    journal={IEEE Transactions on Neural Networks and Learning Systems}, 
    title={Mandatory Leaf Node Prediction in Hierarchical Multilabel Classification}, 
    year={2014}, 
    month={Dec}, 
    volume={25}, 
    number={12}, 
    pages={2275-2287}}
    
@ARTICLE{Baraniuk2010, 
    author={Baraniuk, R.G. and Cevher, V. and Duarte, M.F. and Hegde, C.}, 
    journal={IEEE Transactions on Information Theory}, 
    title={Model-Based Compressive Sensing}, 
    year={2010}, 
    month={April}, 
    volume={56}, 
    number={4}, 
    pages={1982-2001}}
    
@inproceedings{Cerri2014,
    author = {Cerri, Ricardo and Barros, Rodrigo C. and Freitas, Alex A. and de Carvalho, Andr{\'e} C.P.L.F.},
    title = {Evolving Relational Hierarchical Classification Rules for Predicting Gene Ontology-based Protein Functions},
    booktitle = {Proceedings of the 2014 Conference Companion on Genetic and Evolutionary Computation Companion},
    series = {GECCO Comp '14},
    year = {2014},
    isbn = {978-1-4503-2881-4},
    location = {Vancouver, BC, Canada},
    pages = {1279--1286},
    numpages = {8},
    publisher = {ACM},
    address = {New York, NY, USA}} 